4674 6112
959 755 1308 878 33·---

375 1034 487 1078 ansam
513 1013 607 1096 dedit,
629 1015 726 1097 petito
751 1016 803 1078 usi
826 1016 1037 1097 exposuimus
1061 1017 1100 1097 (p.
1123 1015 1141 1076 5
1162 1015 1254 1098 sqq),
1277 1019 1380 1078 cetera
1403 1019 1602 1097 argumenta,
1625 1016 1762 1098 quaein

377 1143 549 1221 utramque
576 1143 699 1222 partem
726 1138 847 1222 prolata
876 1143 954 1202 sunt
977 1143 1033 1201 aut
1051 1139 1182 1222 proferri
1204 1143 1354 1222 possunt,
1382 1139 1620 1202 accuratissime
1643 1140 1762 1203 exami-

377 1281 461 1326 nare.
508 1260 613 1337 Quam
635 1263 770 1326 remita
797 1263 980 1344 instituam,
1009 1267 1045 1325 ut
1068 1263 1167 1325 simul
1189 1261 1374 1345 Herzogii
1403 1263 1579 1326 sententiae
1606 1262 1762 1326 rationem

377 1385 521 1468 habeam,
545 1406 642 1468 qnam
665 1385 791 1482 probari
814 1405 879 1449 non
904 1405 996 1469 posse
1016 1386 1152 1469 singrdis
1173 1385 1366 1469 quibusdam
1386 1386 1583 1469 argumentis
1603 1405 1644 1450 ex
1667 1387 1763 1450 inter-

377 1511 553 1592 pretatione
577 1509 769 1574 definitionis
795 1509 1016 1574 Ciceronianae
1039 1511 1145 1593 petitis
1168 1511 1233 1573 iam
1257 1510 1435 1593 significavi
1459 1513 1499 1590 (v.
1523 1531 1553 1594 p.
1579 1509 1628 1573 16.
1654 1511 1717 1590 31).

467 1633 677 1698 Iureiurando
691 1633 792 1717 plebis
807 1633 975 1698 seditiosae
991 1634 1193 1697 tribuniciam
1208 1639 1397 1717 potestatem
1412 1640 1646 1698 sacrosanctam
1664 1634 1764 1697 fnisse

379 1755 638 1821 Mommsenus
666 1756 698 1839 (l.
729 1777 753 1822 5.
777 1778 806 1840 p.
832 1757 905 1840 276,
929 1758 1000 1821 565.
1026 1759 1058 1843 2)
1086 1777 1153 1820 555
1181 1757 1288 1822 solnm
1316 1758 1574 1842 interpretatione
1602 1759 1656 1821 illa
1684 1758 1763 1840 legis

379 1879 525 1945 Valeriae
543 1879 694 1945 Horatiae
717 1885 758 1962 (v.
779 1901 876 1966 snpra
898 1903 928 1965 p.
949 1867 993 1964 6),
1017 1901 1113 1965 quam
1137 1881 1311 1945 admodum
1335 1889 1516 1966 suspectam
1540 1902 1610 1947 esse
1634 1883 1764 1946 demon·
1798 1917 1803 1924 ·

378 2006 567 2090 stravimus„
581 2011 613 2069 51
626 2005 733 2070 Verrii
747 2005 851 2069 Flacci
859 2006 962 2089 Ι(5556
976 2005 1117 2086 Festum)
1132 2007 1327 2070 aamoaaaoti
1347 2006 1529 2070 definitione
1549 2011 1657 2090 (snpra
1672 2027 1700 2089 p.
1723 2008 1764 2090 5),

378 2149 444 2211 qua
477 2101 557 2192 duas
589 2128 668 2213 legis
700 2129 846 2193 Valeriae
877 2129 1029 2193 Horatiae
1066 2131 1342 2214 interpretationes
1381 2137 1498 2196 temere
1534 2131 1763 2194 contaminatas

378 2271 449 2316 5555
472 2253 614 2316 vidimus
639 2255 748 2337 (supra
770 2275 799 2338 p.
820 2256 861 2336 8),
885 2255 939 2318 556
963 2257 1058 2318 etiam
1081 2256 1127 2318 eis
1146 2259 1291 2318 vetorum
1316 2257 1508 2339 scriptorum
1531 2254 1610 2324 locis
1633 2253 1764 2337 probare

272 2410 274 2414 ·
378 2377 496 2476 studet,
520 2378 577 2460 qui
600 2383 656 2441 aut
678 2378 781 2462 legem
805 2385 960 2442 sacratam
983 2381 1103 2443 iuratae
1126 2377 1228 2462 plebis
1247 2381 1365 2443 scitum
1387 2379 1487 2443 fuisse
1511 2379 1636 2442 disertis
1659 2376 1765 2441 verbis

378 2503 646 2584 pronuntiantffl),
669 2508 725 2565 aut
746 2495 849 2586 legem
873 2507 1027 2567 sacratam
1051 2503 1090 2568 de
1113 2503 1285 2568 tribunicia
1307 2507 1463 2588 potestate
1485 2504 1521 2566 in
1543 2507 1652 2566 monte
1676 2519 1765 2564 sacro

378 2625 474 2688 latam
494 2643 564 2688 esse
583 2613 800 2708 1555515195),
823 2632 879 2690 551
901 2627 1052 2710 religione
1075 2628 1126 2692 vel
1146 2629 1396 2708 caerimoniislss)
1420 2633 1475 2691 ant
1493 2632 1526 2691 et
1543 2626 1613 2710 lege
1633 2631 1664 2688 et
1682 2626 1766 2688 iure·

379 2749 566 2834 iurando⁹⁷)
590 2755 646 2814 ant
660 2751 844 2834 simpliciter
857 2751 1117 2837 iureiurandolss)
1132 2751 1278 2816 tribunos
1292 2757 1507 2816 sacrosanctos
1526 2750 1626 2814 fuisse
1647 2749 1765 2812 dicum.

469 2997 514 3066 94)
533 2996 603 3051 11551.
624 3012 644 3051 5.
664 3013 690 3050 r.
711 2999 830 3052 sacratae
848 2997 922 3066 leges
942 3015 966 3066 p.
982 2996 1034 3050 318
1052 2987 1128 3064 aaut,
1152 2999 1201 3064 qni
1220 2998 1399 3065 5555615551,
1419 3012 1489 3072 quaa
1503 2996 1580 3064 plebs
1598 2998 1718 3049 iurata
1736 2993 1768 3047 ia
1812 3061 1815 3070 Ι

378 3091 469 3154 amate
495 3101 575 3138 sacro
602 3085 718 3139 55155511.
756 3085 873 3156 Zonaras
900 3086 959 3139 loco
988 3087 1011 3153 7,
1038 3087 1070 3138 15
1103 3087 1249 3136 συνέθεντο
1278 3085 1422 3156 ἐπαρήγειν
1449 3083 1585 3151 ἀλλήλοις,
1612 3084 1646 3134 ἄν
1672 3102 1713 3140 τις
1740 3101 1768 3132 τι

378 3171 511 3236 ἀδικοῖτο,
535 3174 580 3224 καὶ
600 3172 694 3244 ὅρκους
717 3172 762 3224 ἐπὶ
780 3172 865 3238 τούτῳ
885 3171 1318 3242 ὑπίσχονΜο5151555551555
1337 3176 1380 3228 uti
1398 3175 1494 3228 noluit.
1531 3173 1658 3241 Dionysii
1677 3175 1767 3225 autem

379 3261 439 3316 loco
462 3263 487 3329 6,
505 3261 541 3315 89
564 3261 910 3316 iniuria'lliommsenus
932 3262 1033 3328 utitur,
1058 3261 1123 3329 quia
1145 3263 1173 3314 et
1194 3263 1289 3316 155655
1313 3263 1399 3316 ictum
1422 3262 1545 3316 narrarit
1567 3261 1717 3328 Dionysius
1741 3261 1768 3310 ot

380 3350 545 3418 rogationem
569 3349 743 3416 tribuniciam
767 3349 800 3402 ab
824 3348 951 3402 onaaibno
974 3348 1081 3402 civibus
1110 3348 1285 3404 iureiurando
1309 3350 1493 3404 confirmatam
1517 3349 1588 3403 dixit
1612 3349 1654 3418 (51.
1679 3348 1704 3414 6,
1723 3345 1766 3399 84.

381 3440 406 3507 7,
425 3439 467 3494 40.
488 3440 529 3504 11,
549 3439 602 3506 55),
621 3439 649 3491 16
674 3438 745 3507 quod
764 3453 851 3506 nequo
874 3438 903 3490 in
922 3440 1012 3492 monte
1031 3452 1108 3492 sacro
1127 3453 1214 3506 neque
1233 3437 1353 3491 tribunis
1373 3437 1458 3506 plebis
1476 3437 1647 3505 praesidibus
1666 3437 1768 3490 factum

378 3544 440 3582 osse
458 3529 554 3595 potest.

470 3616 515 3684 95)
533 3615 605 3670 Fost.
629 3631 650 3669 5.
674 3631 701 3666 v.
725 3629 800 3668 sacer
823 3629 902 3668 mons
924 3630 949 3682 p.
974 3613 1026 3666 318
1050 3629 1116 3666 nam
1138 3613 1195 3681 lepe
1218 3613 1371 3668 tribunicia
1390 3613 1485 3681 prima
1508 3617 1621 3666 cavetur
1643 3611 1688 3678 „ai
1706 3611 1769 3678 qaia

380 3721 451 3770 cnm,
470 3705 520 3772 qai
530 3691 572 3757 Ι55
587 3703 624 3771 pl
629 3703 734 3756 561551
739 3709 769 3756 15
788 3717 866 3756 ancer
884 3702 930 3767 sit,
948 3700 1085 3768 5551515511,
1100 3701 1247 3768 parricida
1266 3719 1301 3756 55
1319 3703 1381 3756 511.“
1411 3702 1496 3768 Quem
1514 3701 1605 3756 locam
1623 3717 1677 3754 non
1696 3701 1769 3753 recte

381 3795 575 3862 interpretatus
601 3794 644 3846 551
666 3790 845 3846 Mommsen
872 3790 907 3858 1²,
936 3807 961 3858 p.
990 3791 1055 3858 146,
1083 3791 1144 3846 adn.
1170 3792 1193 3845 1.
1222 3790 1268 3858 11²,
1292 3809 1317 3860 p.
1342 3792 1406 3860 277,
1437 3791 1497 3844 adn.
1522 3807 1546 3859 p.
1571 3787 1631 3856 278,
1656 3788 1717 3841 adn.
1745 3788 1768 3840 1.

382 3899 407 3950 p.
427 3881 487 3950 294,
512 3883 572 3935 565.
596 3882 621 3934 4.
660 3880 697 3934 Cf.
723 3895 806 3948 supra
828 3879 888 3933 adn.
912 3879 955 3933 44.
998 3877 1123 3933 Ceterum
1142 3880 1236 3933 verba:
1260 3880 1286 3933 si
1308 3880 1371 3947 qais
1455 3895 1490 3931 aa
1512 3878 1550 3931 sit
1571 3893 1605 3931 ex
1629 3877 1689 3945 ipsa
1711 3875 1769 3944 lege

381 3968 849 4038 tribuniciap1·imalloilia)petita
866 3983 926 4021 5555
944 3966 1021 4022 55115
1039 3984 1122 4022 55555
1139 3971 1181 4022 551
1199 3985 1249 4022 our
1266 3967 1541 4024 statuamus-Lis.
1561 3966 1586 4034 2,
1605 3965 1648 4034 33,
1668 3965 1684 4019 3
1703 3969 1771 4018 5551

380 4057 432 4124 qni
449 4057 519 4110 daos
538 4063 648 4112 tantam
664 4057 697 4109 ia
714 4071 795 4109 sacro
813 4061 903 4109 monte
921 4061 1027 4110 creatos
1046 4055 1174 4110 tribanos
1188 4072 1244 4111 5555
1258 4057 1354 4111 dicant
1368 4057 1460 4126 ibique
1478 4059 1650 4109 adoratam
1668 4053 1695 4106 15
1699 4068 1769 4121 pam

381 4146 475 4200 latam.
513 4146 568 4200 Ubi
586 4145 695 4200 Pisonis
715 4144 850 4199 sententia
868 4145 990 4212 retertur,
1010 4146 1042 4200 51.
1060 4145 1121 4200 Liv.
1141 4145 1165 4214 2,
1185 4146 1227 4215 58,
1248 4148 1271 4200 1.

472 4235 517 4304 96)
536 4234 595 4288 Liv.
615 4236 640 4302 3,
659 4236 702 4302 55,
721 4234 746 4287 6.
767 4235 781 4286 7
802 4233 838 4302 (v.
859 4248 942 4302 supra
960 4251 985 4302 p.
1004 4233 1040 4302 6).

472 4324 517 4392 97)
536 4325 677 4394 Appianas
702 4323 842 4376 decanea
864 4320 1036 4376 tribunorum
1055 4322 1166 4378 Mamili
1189 4325 1217 4379 51
1240 4323 1356 4378 Caesetii
1378 4322 1487 4376 1555155
1511 4320 1571 4374 boll.
1597 4321 1648 4376 civ.
1674 4317 1770 4389 2,108

384 4410 399 4479 ἦ
422 4431 452 4462 τε
475 4416 528 4463 τῶν
550 4410 691 4483 δημάρχων
714 4407 784 4480 ἀρχὴ
806 4407 866 4479 15ρά
890 4412 934 4459 καὶ
953 4410 1052 4468 ἄσυλος
1071 4401 1102 4478 ἢν
1126 4412 1156 4460 ἐκ
1176 4410 1280 4472 νόμον
1299 4413 1353 4461 καὶ
1372 4410 1469 4482 ὅρκου
1488 4411 1645 4460 παλαιοῦ.
1675 4410 1699 4477 2,
1720 4406 1770 4462 138

382 4502 428 4552 καὶ
448 4499 462 4552 6
480 4503 537 4562 μὲν
560 4500 660 4562 νόμος
679 4497 693 4551 6
712 4501 764 4549 τῶν
783 4497 919 4569 προγόνων
944 4500 997 4549 καὶ
1017 4497 1031 4549 6
1056 4497 1151 4570 ὅρκος
1174 4497 1235 4551 οὐδ’
1254 4499 1409 4562 incipendae
1434 4498 1508 4564 ainau
1533 4499 1572 4548 ἔτι
1591 4488 1651 4548 οὖσι
1671 4496 1770 4568 δημάρ·

380 4607 441 4652 χσις
465 4589 661 4660 ἐπιτρέπουσιν.
700 4587 753 4654 Qui
775 4586 829 4642 loci
852 4586 896 4641 vel
919 4586 979 4642 ideo
1002 4588 1072 4642 nibil
1096 4589 1218 4656 probant,
1242 4590 1313 4657 quod
1337 4587 1413 4642 nulla
1431 4602 1514 4640 causa
1532 4589 1581 4655 551,
1606 4603 1655 4640 our
1673 4601 1718 4640 555
1737 4587 1770 4639 56

383 4677 469 4746 legem
493 4681 626 4732 sacratam
649 4677 713 4732 anni
731 4675 784 4730 260
802 4693 829 4729 n.
849 4693 871 4730 o.
896 4677 988 4745 potius
1012 4693 1094 4745 quam
1118 4677 1152 4730 ad
1176 4679 1332 4730 renovatam
1356 4692 1426 4730 anno
1446 4675 1497 4729 365
1521 4692 1548 4730 n.
1568 4691 1590 4730 5.
1610 4675 1771 4744 potestatem

382 4767 539 4834 referamne,
559 4782 641 4834 qnam
660 4765 833 4820 iureiurando
856 4764 943 4832 plebis
966 4781 1085 4819 555555
1109 4766 1267 4818 renovatam
1293 4779 1353 4817 esse
1376 4765 1478 4816 certam
1497 4763 1530 4816 ob
1549 4778 1658 4818 causam
1678 4762 1782 4830 (supra

384 4871 408 4923 p.
423 4853 502 4924 855.)
518 4854 685 4924 negavimus.
713 4853 839 4908 Ceterum
854 4854 926 4923 quod
940 4853 1012 4908 idem
1024 4854 1091 4922 App.
1106 4853 1175 4920 4,17
1192 4851 1284 4906 habet:
1304 4849 1364 4922 ιὀρά
1378 4847 1483 4901 δ’ἐστὶν
1499 4847 1514 4917 ἡ
1529 4847 1599 4920 ἀρχὴ
1614 4850 1658 4900 καὶ
1673 4849 1771 4906 ἄσυλος

1539 4940 1556 4992 5
