4674 6112
581 1027 709 1110 regibus
738 1032 769 1090 et
797 1025 984 1090 consulibus
1022 1027 1096 1105 icta,
1129 1026 1196 1088 siue
1229 1025 1338 1108 populi
1369 1025 1462 1088 iussu
1493 1029 1561 1087 rata
1590 1028 1621 1086 et
1644 1030 1841 1087 sacrosancte
1863 1023 1963 1087 fuisse

581 1153 691 1235 negari
713 1171 778 1215 non
800 1152 908 1234 possit.
955 1149 1101 1214 Ceterum
1126 1150 1165 1214 de
1187 1150 1238 1213 bis
1262 1149 1421 1213 erroribus
1444 1147 1649 1212 excusandus
1672 1153 1721 1211 est
1744 1146 1861 1229 Cicero,
1886 1168 1963 1230 quo-

582 1277 669 1338 niam
692 1277 725 1338 in
750 1276 795 1338 eis
819 1293 1022 1338 communem
1046 1276 1228 1357 opinionem
1246 1272 1464 1336 Romanorum
1484 1272 1631 1354 sequitur
1639 1273 1693 1352 ³⁸);
1719 1290 1824 1354 neque
1843 1290 1964 1336 errores

583 1400 629 1462 illi
648 1400 814 1462 veriutem
831 1400 934 1481 ipsius
953 1398 1145 1462 definitionis
1162 1397 1335 1478 infirmant,
1353 1396 1513 1480 siquidem
1531 1395 1640 1478 legum
1658 1395 1786 1459 illarum
1805 1397 1963 1478 regiarum

586 1523 745 1588 Ciceronis
770 1522 965 1606 temporibus
989 1523 1077 1586 nulla
1099 1525 1162 1586 iam
1186 1523 1236 1587 vis
1260 1523 1294 1585 in
1316 1542 1350 1586 re
1373 1521 1502 1604 publica
1523 1519 1742 1584 Romanorum
1766 1520 1836 1602 fuit,
1860 1519 1964 1584 loede-

583 1668 657 1710 rum
680 1657 787 1712 autem
811 1653 1007 1710 sacrosancta
1031 1655 1144 1710 natura
1167 1647 1201 1708 in
1224 1666 1320 1710 causa
1343 1645 1443 1728 Balbi
1466 1647 1499 1708 iu
1525 1665 1590 1727 qua
1613 1645 1651 1708 de
1669 1644 1795 1709 foedere
1813 1643 1966 1728 agebatur

583 1773 657 1836 belli
689 1771 805 1836 Punici
837 1771 970 1835 secundi
1002 1770 1197 1855 temporibus
1229 1773 1306 1851 icto,
1340 1769 1375 1845 Q.
1403 1768 1531 1832 Lutatio
1561 1768 1674 1832 Catulo
1703 1775 1734 1831 et
1762 1768 1803 1831 Μ.
1826 1769 1964 1834 Aemilio

583 1895 701 1980 Lepido
725 1895 914 1959 consulibus
936 1901 1101 1977 renovato,
1130 1915 1194 1959 non
1222 1915 1264 1959 en
1290 1897 1361 1958 iure
1389 1892 1516 1976 publico
1540 1892 1609 1971 illc,
1637 1892 1724 1975 quod
1752 1899 1824 1956 unte
1850 1893 1964 1958 foedus

584 2018 763 2084 Caudinum
787 2020 938 2100 valuerat,
962 2020 1163 2083 diiudicanda
1186 2025 1261 2084 erat.

670 2141 793 2207 Deinde
821 2145 854 2208 in
884 2147 986 2227 prima
1009 2143 1202 2207 definitionis
1227 2143 1444 2208 enuntiatione
1472 2142 1643 2224 premenda
1666 2147 1742 2205 sunt
1765 2141 1861 2204 verba
1884 2143 1967 2222 qnod

578 2267 718 2348 populns
734 2267 876 2348 plebesve
897 2269 1014 2344 sarmit,
1038 2268 1069 2330 id
1093 2267 1179 2351 quod
1202 2267 1387 2350 Herzogii
1411 2285 1508 2329 causa
1526 2285 1649 2346 monec,
1673 2267 1729 2348 qui
1749 2266 1866 2329 suade
1889 2265 1966 2350 legi-

583 2391 644 2455 bus
673 2392 801 2455 sacratis
831 2393 1000 2473 sententia,
1033 2412 1073 2455 ex
1107 2412 1171 2475 qua
1194 2411 1306 2456 omnes
1337 2392 1424 2473 leges
1453 2395 1590 2454 sacratae
1614 2391 1750 2454 comitiis
1773 2391 1967 2471 centuriatis,

583 2516 612 2580 h.
636 2535 662 2579 e.
685 2516 794 2599 populi
818 2517 920 2594 iussu,
949 2516 1030 2578 latae
1053 2521 1143 2597 sunt,
1170 2536 1207 2580 eo
1230 2516 1403 2600 perductus
1436 2521 1497 2595 est,
1530 2521 1566 2576 ut
1598 2515 1675 2579 baec
1702 2535 1767 2577 non
1790 2535 1878 2596 vere,
1910 2515 1966 2578 sed

585 2659 673 2703 more
696 2639 850 2702 tralaticio
874 2659 893 2701 a
916 2637 1065 2703 Cicerone
1089 2639 1173 2738 dieta
1193 2659 1263 2703 esse
1290 2644 1414 2723 putaret
1442 2637 1472 2716 (l.
1497 2657 1522 2700 c.
1546 2659 1575 2721 p.
1603 2639 1686 2718 145).
1726 2639 1829 2702 Immo
1858 2645 1966 2702 tenen-

585 2765 662 2828 dum
687 2769 789 2827 estet
813 2763 936 2845 legibus
959 2765 1095 2826 comitiis
1119 2765 1304 2828 centuriatis
1328 2763 1399 2826 letis
1428 2768 1459 2824 et
1481 2761 1654 2845 plebiscitis
1677 2770 1875 2826 sacrosancta
1896 2764 1967 2826 iura

587 2888 739 2951 constitui
759 2889 916 2970 potuisse;
941 2892 1065 2951 constat
1083 2889 1177 2970 enim,
1196 2895 1232 2952 ut
1250 2889 1312 2951 hcc
1331 2905 1432 2949 unum
1453 2892 1678 2969 argumentum
1697 2905 1785 2950 nunc
1802 2885 1968 2970 proferam,

585 3012 721 3093 foedera,
755 3031 837 3094 quae
861 3010 969 3075 Cicero
993 3011 1176 3076 definitione
1200 3032 1259 3076 sua
1282 3013 1351 3076 sine
1379 3009 1474 3074 dubio
1504 3011 1768 3093 comprehendero
1801 3016 1832 3073 et
1861 3009 1968 3074 debuit

585 3144 617 3200 et
640 3136 752 3218 voluit,
774 3134 948 3219 plebiscitis
973 3155 1102 3218 quoque
1126 3141 1234 3200 sancta
1257 3139 1383 3216 esse39).
1424 3133 1531 3198 Verbo
1554 3140 1662 3198 autem
1684 3135 1794 3198 sancit
1817 3154 1897 3197 usus
1921 3140 1969 3197 est

587 3259 704 3342 cicere,
728 3259 860 3343 quiade
883 3261 1028 3342 personis
1052 3266 1083 3323 et
1105 3259 1201 3325 rebus
1225 3280 1329 3325 sermo
1348 3265 1406 3338 est,
1430 3278 1511 3342 quae
1534 3263 1663 3322 senectae
1681 3263 1712 3322 et
1729 3279 1820 3323 sacro
1840 3259 1968 3343 quidem

587 3389 715 3448 sauctae
739 3403 809 3448 esse
834 3384 994 3448 dicuntur.
1039 3386 1149 3467 Atque
1173 3385 1256 3448 hano
1283 3386 1385 3468 ipsam
1414 3383 1455 3447 cb
1484 3403 1613 3446 causam
1643 3384 1676 3446 in
1706 3385 1752 3446 eis
1776 3383 1969 3446 definitionis

589 3507 705 3590 verbis,
728 3528 810 3592 quae
830 3514 1020 3591 sequuntur,
1044 3507 1150 3572 Cicero
1173 3509 1349 3572 sanctiones
1373 3511 1450 3588 (non
1476 3505 1563 3588 lepos)
1587 3507 1764 3571 sacrandos
1787 3526 1856 3570 esse
1880 3506 1967 3584 dicit3

586 3653 661 3696 nam
684 3633 860 3696 sanctionis
882 3632 1028 3696 vocabuli
1052 3631 1240 3715 significatio
1263 3651 1330 3694 non
1354 3631 1464 3694 eadem
1492 3638 1555 3711 est,
1582 3651 1618 3694 ac
1647 3630 1722 3712 lepis
1749 3631 1909 3712 vocabuli,
1936 3632 1969 3694 id

586 3831 703 3878 camina
721 3825 763 3878 ita
780 3825 825 3878 nti
842 3841 899 3892 par
921 3825 1017 3890 sumat
1039 3824 1162 3878 decernit
1183 3841 1234 3877 ano
1253 3830 1335 3890 ntqae
1349 3823 1450 3891 populi
1466 3823 1580 3876 iniussn
1601 3825 1711 3877 entellum
1730 3824 1855 3892 potuisse
1872 3824 1971 3889 scedas

585 3914 654 3979 fieri.
691 3913 787 3982 Polyb.
811 3914 836 3980 6,
862 3914 903 3980 14,
924 3914 958 3968 10
981 3915 1026 3964 καὶ
1048 3912 1101 3980 μὴν
1124 3913 1185 3983 περὶ
1208 3912 1361 3975 συμμαχίας
1389 3913 1435 3963 καὶ
1459 3912 1602 3971 διαλύσεως
1625 3915 1670 3963 καὶ
1694 3916 1864 3980 συνθηκῶν
1893 3905 1971 3971 οὗτός

586 4002 656 4070 (scil.
676 4001 690 4053 ὁ
709 4003 801 4070 δῆμος)
820 4001 891 4052 ἐστιν
916 4000 1063 4068 dilatantis
1081 4001 1179 4052 ἕκαστα
1197 4000 1299 4053 τούτων
1319 4002 1363 4052 καὶ
1382 3999 1462 4071 κύρια
1481 4005 1565 4052 ποιῶν
1586 3998 1759 4067 incinunt«.
1784 4002 1819 4056 ib.
1839 4002 1863 4070 6,
1884 4004 1926 4071 15,
1945 4003 1969 4056 9.

587 4090 624 4144 Cf.
644 4091 705 4144 Liv-
724 4091 766 4155 32,
787 4091 829 4157 23,
849 4090 873 4144 2.

676 4181 721 4248 37)
739 4179 817 4234 Rom.
836 4179 892 4233 Ale.
913 4179 961 4247 11³,
980 4197 1006 4249 p.
1022 4180 1074 4234 634
1085 4196 1125 4248 sq.
1153 4179 1343 4246 Mommsen,
1362 4178 1473 4234 Staatsr.
1491 4178 1525 4246 1¹,
1545 4197 1570 4247 p.
1590 4179 1641 4233 237
1653 4181 1681 4232 ff.
1700 4197 1725 4248 p.
1746 4181 1806 4234 244.
1834 4180 1970 4246 Nissen,

587 4269 634 4323 der
653 4268 829 4322 caudinisohe
847 4267 952 4336 Friedc⁷
970 4269 1000 4320 in
1019 4284 1113 4323 museo
1133 4268 1219 4324 Rhen.
1239 4269 1292 4324 nol.
1312 4269 1354 4323 25.
1375 4268 1452 4323 1870.
1471 4286 1496 4337 p.
1518 4271 1531 4322 1
1553 4284 1620 4337 sqq„
1639 4269 1775 4338 imprimis
1795 4287 1820 4338 p.
1839 4269 1875 4322 48
1894 4285 1952 4339 sqq.

676 4356 720 4426 38)
739 4356 824 4425 Leges
853 4358 939 4426 regies
964 4375 980 4412 a
1003 4358 1118 4413 Romulo
1142 4357 1186 4411 vel
1209 4375 1225 4412 a
1247 4357 1362 4412 Romulo
1386 4361 1413 4411 et
1434 4358 1493 4412 'lito
1516 4357 1603 4424 Tatio,
1628 4373 1644 4411 a
1667 4358 1758 4411 Numa
1780 4357 1928 4426 Pompilio,
1956 4374 1973 4411 a

589 4446 683 4502 Servio
701 4445 790 4500 mllio
809 4447 837 4498 in
856 4446 974 4500 comitiis
994 4447 1107 4502 curiatis
1125 4448 1194 4502 latas
1212 4463 1272 4501 asse
1290 4447 1442 4500 communis
1461 4447 1553 4515 opinio
1572 4449 1636 4512 eret.
1656 4449 1687 4500 ut
1709 4448 1818 4515 apparot
1840 4462 1873 4500 ex
1892 4445 1971 4500 Dion.

587 4535 612 4604 2,
633 4535 675 4589 14.
694 4536 720 4602 4,
740 4534 783 4588 20.
802 4536 827 4600 6,
847 4534 889 4589 66.
910 4536 934 4603 7,
954 4535 996 4602 38,
1015 4537 1063 4590 ubi
1086 4537 1130 4590 ius
1154 4535 1253 4605 populo
1277 4536 1361 4589 luisse
1385 4536 1452 4589 dicit
1474 4535 1546 4604 leges
1570 4551 1586 4588 a
1607 4536 1717 4604 regibus
1741 4535 1809 4590 letas
1834 4535 1972 4603 suffragiis

588 4624 647 4678 suis
670 4623 860 4689 confirmandi;
888 4625 954 4676 item
977 4624 1076 4694 populo
1100 4642 1195 4694 regum
1219 4625 1274 4678 iam
1296 4625 1464 4693 temporibus
1486 4624 1530 4678 ius
1553 4624 1638 4678 luisse
1661 4624 1768 4678 foedera
1795 4624 1972 4678 confirmandi

588 4711 746 4767 communis
766 4712 857 4780 opinio
876 4716 945 4780 erat,
965 4717 997 4767 nt
1014 4717 1125 4782 apparet
1142 4731 1175 4768 ex
1194 4713 1272 4769 Dion.
1292 4716 1321 4780 4,
1346 4714 1388 4768 20.
1412 4715 1441 4782 6,
1465 4714 1508 4780 66,
1531 4713 1579 4768 ubi
1602 4712 1701 4782 populo
1724 4713 1821 4766 tribuit
1842 4712 1887 4765 ius
1909 4711 1972 4765 belli

588 4803 615 4854 et
633 4802 716 4870 pacis.

676 4891 722 4961 39)
741 4890 815 4945 Suet.
835 4891 916 4960 Vesp.
935 4891 952 4946 8
971 4893 1186 4946 instrumentum
1203 4892 1312 4960 imperii
1325 4891 1552 4958 pulcherrimum,
1576 4907 1630 4957 qno
1654 4889 1868 4943 continebantur
1882 4905 1974 4957 poene
