4674 6112
838 858 995 865 -.-..
1055 822 1101 894 15
1156 857 1310 864 ...—

386 1034 510 1120 legibus
529 1035 660 1098 sacratis
679 1033 880 1097 adnumerari
899 1033 1095 1117 possunt³³),
1113 1030 1230 1114 quibus
1249 1030 1376 1114 legibus
1394 1032 1584 1094 sacrosancti
1602 1031 1676 1094 faeti
1691 1039 1767 1096 sunt

385 1164 532 1242 parentes
560 1157 714 1220 adversus
742 1157 929 1238 liberorum,
962 1157 1061 1220 soceri
1088 1160 1120 1219 et
1148 1173 1259 1218 soerus
1282 1154 1435 1218 adversus
1458 1175 1602 1219 nuruum
1624 1157 1767 1238 iniurias,

386 1281 620 1346 materfamilias
644 1285 750 1345 autem
775 1282 928 1345 adversus
952 1280 1108 1344 nefarium
1131 1281 1211 1342 iuris
1234 1279 1339 1342 mariti
1358 1279 1506 1360 abusum,
1528 1281 1652 1363 patroni
1674 1300 1765 1364 porro

385 1407 540 1470 adversus
559 1405 692 1469 inimiaa
712 1405 887 1485 clientium,
911 1405 944 1467 hi
968 1409 1075 1467 autem
1099 1403 1253 1466 adversus
1275 1402 1402 1468 fraudes
1421 1409 1636 1487 patronorum,
1659 1405 1767 1468 termi-

387 1549 449 1593 nus
473 1529 610 1612 denique
634 1529 787 1594 adversus
810 1535 970 1593 aratorum
994 1529 1173 1592 vicinorum
1197 1527 1348 1590 nefariam
1367 1530 1532 1592 avaritiam
1541 1529 1593 1614 3λ),
1616 1529 1685 1592 sine
1708 1528 1766 1591 du-

386 1653 437 1716 bio
465 1671 530 1716 non
557 1658 646 1716 erant
668 1653 780 1737 populi
811 1655 906 1716 iussu
937 1652 1081 1736 plebeive
1113 1653 1191 1715 scito
1219 1651 1364 1736 latae³⁶);
1397 1653 1450 1716 ius
1472 1659 1578 1716 autem
1601 1651 1765 1736 publicum

385 1776 479 1857 illud,
512 1795 575 1859 qno
607 1777 733 1842 foedera
763 1767 893 1841 iniussu
925 1777 1034 1861 populi
1062 1777 1178 1839 sanciri
1206 1794 1269 1837 non
1298 1794 1391 1858 posse
1418 1776 1667 1857 videbantur³⁶),
1695 1780 1767 1859 post

383 1899 497 1963 foedus
525 1900 655 1964 demum
678 1900 859 1965 Caudinum
888 1919 971 1964 enno
995 1902 1060 1962 434
1083 1920 1115 1963 u.
1139 1919 1164 1962 o.
1189 1905 1318 1964 senatus
1341 1900 1466 1964 deoreto
1491 1900 1653 1964 sublatum
1675 1902 1766 1964 inva-

386 2023 505 2104 luitflt,
533 2029 569 2088 ut
593 2032 791 2090 sacrosancta
814 2026 1106 2089 vetustissimorum
1130 2029 1310 2106 temporum
1337 2023 1477 2105 foedera,
1503 2025 1573 2088 iure
1600 2023 1697 2088 fetiali
1725 2024 1764 2088 ab

474 2323 519 2390 33)
539 2321 577 2377 et.
610 2339 679 2392 quae
710 2325 824 2393 exposui
858 2324 886 2377 in
914 2323 1140 2378 commentatione
1167 2323 1200 2377 de
1228 2324 1429 2378 consecratione
1456 2324 1554 2393 eapitis
1581 2327 1609 2378 et
1635 2323 1766 2378 bonorum

385 2409 479 2464 Gissae
499 2409 576 2466 1867.
595 2429 620 2480 p.
639 2413 656 2466 5
676 2429 715 2480 sq.

475 2499 520 2568 34)
539 2499 609 2554 rest
629 2517 654 2568 p.
674 2500 741 2555 2301>
764 2502 796 2554 iu
814 2501 887 2569 repis
902 2501 1015 2556 Ιλοοιιιλί
1032 2507 1058 2556 et
1078 2501 1155 2554 Tatii
1171 2501 1289 2570 lapibus:
1307 2500 1333 2554 ei
1349 2515 1442 2553 nurus
1461 2500 1577 2569 (λαοιιοι)
1596 2517 1677 2555 saara
1696 2503 1767 2556 dieis

379 2593 530 2652 pareatum
549 2589 631 2642 estod.
650 2589 682 2641 iu
702 2589 782 2643 Serui
802 2589 878 2644 Tulli
894 2590 961 2643 liaeo
979 2595 1032 2642 est:
1050 2589 1076 2642 si
1088 2595 1234 2656 parentem
1247 2605 1321 2657 μιιεν
1343 2589 1471 2656 verberit,
1494 2596 1540 2643 ast
1561 2589 1613 2644 olle
1631 2590 1767 2658 plorassit

378 2691 500 2742 μανειιι,
519 2693 593 2744 puer
616 2677 687 2730 ditae
705 2684 857 2745 pareutum
879 2693 958 2731 sacer
980 2684 1044 2733 esto.
1084 2677 1156 2732 Plnt.
1181 2677 1258 2732 Rom.
1283 2677 1320 2731 22-
1341 2679 1389 2730 τὸν
1413 2677 1437 2729 δ’
1460 2674 1629 2740 ἀποδόμενον
1651 2685 1766 2741 γυναῖκα

385 2763 508 2816 θύεσθαι
527 2767 724 2830 καταχθονίοις
748 2771 832 2826 θεοῖς.
869 2768 948 2823 Dion.
967 2769 993 2835 3,
1012 2767 1046 2820 22
1069 2768 1098 2820 in
1121 2767 1173 2821 fine
1191 2767 1402 2822 enumerationis
1421 2767 1573 2823 officiorum
1592 2771 1766 2837 patronorum

382 2853 566 2908 stellantium
586 2873 602 2910 a
619 2855 735 2910 Romulo
755 2857 977 2912 constitutorum:
1006 2855 1030 2906 εί
1049 2858 1078 2906 δέ
1094 2875 1135 2914 τις
1159 2855 1326 2922 ἐξελεγχθείη
1347 2855 1449 2907 τούτοιν
1476 2874 1504 2907 τε
1526 2856 1765 2927 διαπραττόμενος,

383 2945 473 3004 ἔνοχος
497 2933 528 3008 ἦν
550 2947 586 3010 τῷ
606 2943 675 3010 νόμῳ
693 2948 741 3012 τῆς
760 2946 914 3016 προδοσίας,
938 2944 968 2996 tr
987 2944 1112 3016 ίνιίροιοεν
1131 2943 1145 2996 ὁ
1161 2943 1304 3006 Ῥωμύλος,
1327 2944 1374 2995 τὸν
1397 2947 1424 2995 di
1443 2943 1544 2996 ἁλόντα
1567 2949 1602 3010 τῷ
1616 2949 1765 3012 βουλομένῳ

383 3031 494 3082 κτείνειν
512 3031 587 3084 ὅσιον
607 3025 638 3099 ἦν
657 3032 690 3092 εἰς
710 3038 787 3096 θῦμα
805 3037 855 3084 τοῦ
874 3035 1061 3096 καταχθονίου
1076 3035 1152 3092 Διός·
1172 3033 1199 3083 ίν
1218 3035 1278 3084 ε”θει
1297 3033 1347 3104 γὰρ
1363 3031 1510 3095 Ῥωμαίοις,
1529 3032 1607 3092 ὅσους
1625 3034 1765 3099 ε’μοείλοντο

384 3121 491 3186 νηποινὶ
518 3121 665 3182 τεθνοίναι,
692 3123 728 3173 τοί
750 3121 852 3174 τούτων
879 3122 989 3183 σοίματα
1020 3125 1090 3174 θεῶν
1118 3120 1270 3188 ὁτῳδήτινι,
1293 3122 1412 3183 μάλιστα
1440 3123 1468 3172 di
1489 3127 1547 3180 τοῖς
1570 3125 1766 3185 καταχθονίοις

384 3209 587 3271 κατονομάζειν·
612 3211 626 3262 t
651 3213 696 3262 ναί
718 3211 780 3262 τότε
804 3210 965 3270 είῬοιμιίλος
987 3211 1095 3276 ἐποίησε
1115 3211 1158 3280 (ef.
1188 3210 1262 3265 Serv,
1286 3211 1320 3266 ad
1339 3210 1418 3278 Verg.
1439 3213 1505 3264 Aen.
1529 3211 1554 3276 6,
1577 3211 1630 3266 609
1653 3227 1686 3264 ex
1709 3213 1765 3282 lepe

384 3295 526 3351 duodecim
545 3299 703 3352 tabularum
721 3301 805 3367 uouit,
823 3301 855 3353 ιἰι
873 3300 974 3367 quibua
991 3301 1125 3366 seriptum
1142 3306 1195 3354 est:
1214 3305 1355 3367 patronus
1369 3298 1395 3350 ai
1408 3298 1502 3352 clienti
1518 3299 1648 3364 fraudem
1661 3299 1765 3368 feeerit,

383 3400 461 3439 sacer
488 3387 562 3456 esto).
599 3388 669 3443 lest.
698 3405 738 3457 ep.
763 3407 788 3458 p.
813 3389 865 3444 368
894 3389 1022 3442 Termino
1049 3403 1133 3442 saara
1159 3387 1312 3454 faembaat,
1339 3386 1414 3453 quod
1440 3388 1472 3439 iu
1498 3389 1559 3441 ιιάι
1587 3389 1673 3442 tutela
1694 3390 1765 3455 fiaes

383 3490 515 3542 aprorum
542 3492 597 3531 esse
616 3477 764 3544 putabant.
801 3479 919 3545 denique
946 3478 1042 3532 Numa
1070 3477 1224 3544 Pompilius
1250 3476 1350 3530 statuit
1379 3491 1454 3542 ενοι,
1482 3476 1531 3542 qui
1553 3479 1699 3530 lominum
1720 3495 1765 3532 aa·

384 3571 501 3632 orasset,
520 3567 653 3633 etapium
671 3573 697 3621 et
714 3568 792 3622 boues
810 3583 905 3622 saeros
918 3583 981 3620 esse.
1009 3567 1088 3622 Dion.
1108 3567 1132 3631 2,
1152 3567 1187 3620 74
1206 3564 1230 3616 εἰ
1243 3566 1272 3616 θλ
1283 3583 1324 3623 τις
1342 3561 1496 3622 ἀφανίσειεν
1517 3560 1532 3630 ἢ
1548 3566 1683 3631 μεταθείη
1701 3567 1765 3624 tole

382 3651 460 3723 ὅρους
478 3653 549 3725 ἱερὸν
568 3655 762 3723 ἐνομοθέτησεν
781 3646 850 3707 είναι
868 3659 919 3708 τοῦ
939 3659 1008 3707 θεοῦ
1025 3656 1072 3706 τὸν
1089 3654 1192 3706 τούτοιν
1213 3674 1240 3705 τι
1259 3651 1484 3723 διαπραξάμενον,
1503 3649 1548 3702 ίνα
1565 3654 1601 3718 τῷ
1615 3656 1765 3721 βουλομένῳ

382 3742 493 3793 κτείνειν
511 3742 595 3794 αὐτὸν
613 3741 647 3803 ta
665 3744 802 3817 ίερόονλον
822 3744 837 3812 ἦ
854 3765 884 3796 τε
902 3742 1035 3804 desdiae
1054 3745 1099 3794 ναί
1117 3743 1149 3794 τὸ
1168 3745 1281 3814 καθαρῷ
1300 3741 1452 3804 μιάσματος
1471 3731 1540 3792 εἶναι
1559 3745 1653 3812 προσῇ.
1682 3742 1763 3797 Prae-

382 3833 454 3885 terea
472 3831 587 3886 aliarum
606 3833 696 3902 legum
719 3835 855 3904 regiarum
879 3834 1029 3888 clausulam
1048 3834 1128 3887 affert
1163 3831 1234 3886 Fest.
1253 3849 1294 3901 ep.
1313 3849 1338 3901 p.
1358 3832 1375 3886 6
1394 3831 1486 3884 aliuta
1503 3830 1616 3899 autiqui
1638 3831 1764 3886 ιλιόιλιαιιλ

377 3935 431 3987 pro
450 3921 540 3988 aliter,
559 3937 593 3975 ex
605 3939 705 3990 praeco
717 3923 749 3976 id
766 3920 878 3982 ἀλλοίως
897 3923 1102 3990 transferentes.
1120 3921 1187 3975 hiae
1205 3927 1244 3975 est
1257 3919 1330 3974 illud
1343 3922 1375 3973 iu
1389 3919 1493 3989 lepidus
1506 3919 1617 3975 Numae
1630 3920 1764 3988 Pompili:

380 4009 407 4061 si
424 4009 571 4076 quisquam
589 4011 681 4065 αλίιιλα
698 4011 783 4078 fauit,
800 4011 875 4078 ι’μνον
893 4011 956 4064 Ioui
973 4027 1051 4066 sacer
1069 4017 1132 4064 esto.
1474 4043 1475 4046 =

470 4099 514 4168 35)
533 4099 611 4154 Rom.
630 4097 684 4153 Alt.
709 4099 743 4166 1³,
766 4116 791 4167 p.
817 4101 877 4154 314.
914 4100 1104 4167 Mommsen,
1128 4099 1239 4155 Staatsr.
1263 4098 1307 4166 11²,
1331 4116 1356 4167 p.
1381 4100 1414 4152 41
1440 4115 1498 4168 sqq.
1541 4097 1581 4152 Ne
1607 4097 1763 4166 Voigtins

381 4187 505 4254 quidem,
529 4188 576 4256 qui
600 4187 781 4255 authentiam,
806 4205 874 4258 quae
898 4190 1011 4258 dieitur,
1034 4187 1125 4258 legum
1147 4189 1284 4258 regiarum
1307 4187 1436 4241 acerrime
1460 4187 1579 4241 defendit
1597 4187 1696 4255 (Uebor
1719 4189 1762 4241 die

380 4275 465 4343 Leges
484 4277 580 4342 regiae.
599 4277 635 4331 11.
655 4275 767 4341 Quellen
790 4277 847 4331 und
866 4278 1014 4332 Authentie
1032 4279 1079 4331 der
1097 4278 1182 4347 Leges
1200 4277 1297 4345 regiae.
1321 4277 1433 4345 laipzig
1452 4276 1519 4330 1877
1539 4276 1568 4328 in
1586 4275 1688 4331 Oomm.
1708 4291 1761 4330 soe.

381 4380 433 4432 reg.
453 4363 527 4433 Lips.
548 4365 599 4419 vol.
619 4365 691 4432 VII),
711 4365 783 4434 leges
807 4365 880 4434 illas,
906 4383 973 4436 quas
999 4367 1145 4434 aregibus
1169 4367 1245 4420 datus
1269 4381 1328 4420 esse
1351 4367 1455 4432 censet,
1480 4363 1573 4433 populi
1596 4365 1675 4418 iussu
1694 4365 1763 4420 latas

380 4469 440 4507 esse
459 4453 530 4506 dixit
548 4453 590 4520 (of.
611 4470 635 4520 p.
655 4453 705 4506 801
727 4455 804 4523 squ).
1400 4447 1401 4450 ’

469 4542 514 4611 36)
534 4542 601 4595 Cum
621 4542 675 4596 Cic.
695 4555 743 4610 pro
762 4542 837 4596 Balb.
858 4545 900 4612 14,
922 4545 958 4598 34
976 4544 1079 4597 verbis:
1104 4543 1137 4596 de
1156 4559 1210 4610 quo
1228 4543 1337 4608 foedae
1350 4541 1475 4610 populus
1493 4541 1639 4596 Ιλοοιαιιιιε
1656 4546 1763 4594 acumit-

380 4630 448 4686 tiam
465 4647 524 4684 νιοιι
543 4630 620 4697 tulit,
643 4631 693 4699 qui
710 4631 823 4684 iniussu
841 4648 892 4686 suo
910 4633 990 4686 mullo
1003 4637 1087 4700 paeto
1102 4637 1193 4698 potest
1210 4630 1342 4700 relipioue
1360 4631 1487 4699 oblipari,
1509 4631 1542 4684 of.
1561 4629 1606 4699 Sp.
1625 4628 1762 4684 Postumii

380 4721 413 4774 de
435 4721 540 4775 foedere
560 4719 680 4774 Caudino
704 4720 840 4775 deditione
863 4737 1025 4790 sponsorum
1048 4719 1177 4775 solvendo
1195 4720 1224 4772 in
1243 4721 1339 4774 senatu
1357 4720 1493 4790 loquentis
1512 4719 1594 4774 verba
1611 4719 1683 4786 apud
1701 4717 1760 4772 Liv.

379 4809 405 4876 9,
424 4809 485 4876 9,4
513 4807 561 4862 aad
588 4809 700 4863 iniussu
724 4807 825 4876 populi
846 4825 915 4878 nepo
938 4810 1085 4877 quiequam
1107 4809 1215 4862 saueiri
1232 4824 1313 4875 posse
1336 4809 1411 4875 quod
1428 4809 1565 4876 populum
1587 4813 1685 4860 umet.
1723 4805 1761 4860 Cf.

380 4897 462 4952 etiam
481 4899 506 4965 9,
525 4900 551 4965 5,
573 4900 586 4950 1
607 4899 734 4952 eonsules
745 4939 750 4952 .
762 4939 786 4953 ..
808 4905 949 4968 mpuruut
966 4898 1078 4952 iniussu
1092 4897 1193 4965 populi
1210 4896 1308 4963 foedus
1325 4896 1389 4963 fieri
1402 4913 1489 4964 posse.
1527 4895 1590 4950 Sall.
1609 4895 1667 4965 lug.
1687 4896 1761 4964 39,4
