4674 6112
877 835 1034 842 m„
1092 800 1140 872 25
1197 835 1355 840 -.,.--

424 1012 464 1075 tis
497 1010 606 1075 1111111
638 1029 695 1094 pro
724 1009 866 1092 conlegio
894 1007 1082 1092 pontificum
1109 1007 1273 1088 habinsw)
1301 1009 1412 1091 populi
1440 1011 1570 1074 nomine
1603 1011 1807 1075 iureiurando

424 1134 662 1218 spoponderunt
677 1170 718 1178 —
734 1134 942 1215 nequeenim
958 1133 996 1197 de
1010 1134 1110 1196 totius
1127 1131 1239 1217 populi
1257 1132 1462 1196 iureiurando
1483 1133 1688 1217 cogitandum
1703 1139 1751 1199 est
1766 1171 1806 1180 -—

424 1256 561 1339 civibus,
584 1259 641 1340 qui
659 1258 693 1320 in
706 1257 879 1340 Aventino,
902 1257 931 1319 h.
948 1275 973 1321 1.
998 1261 1088 1320 extra
1105 1257 1346 1340 pomerium⁷¹),
1365 1275 1406 1320 ex
1424 1256 1587 1340 plebiscito
1601 1257 1692 1321 Icilio
1709 1258 1809 1321 domi·

424 1381 497 1444 cilia
519 1381 658 1444 habituri
682 1380 851 1462 11111111),
872 1380 959 1443 idem
982 1381 1033 1443 ius
1056 1378 1121 1444 lore
1145 1385 1242 1462 atquc
1265 1378 1390 1442 civibus
1412 1381 1496 1444 intra
1521 1381 1700 1464 pomerium
1723 1381 1809 1444 habi-

424 1504 574 1568 tantibus
620 1503 714 1568 Hane
746 1509 854 1568 autem
887 1503 926 1567 de
959 1522 1085 1568 conexu
1117 1503 1197 1586 legis
1229 1504 1263 1565 in
1286 1500 1408 1567 Dianae
1431 1504 1549 1588 templo
1573 1506 1753 1588 propositae
1778 1509 1810 1568 et

424 1627 581 1712 plebisciti
603 1627 685 1692 Icilii
710 1628 925 1690 coniecturam
958 1631 1088 1711 propter
1119 1627 1198 1690 iuris
1230 1625 1428 1709 plebeiorum
1461 1627 1693 1710 condicionem,
1726 1647 1809 1711 quae

423 1753 470 1816 eis
499 1751 693 1835 temporibus
726 1755 804 1831 erat,
836 1751 1046 1815 certissimam
1078 1769 1149 1816 esse
1181 1749 1271 1813 duco.
1317 1749 1399 1814 Nam
1432 1752 1665 1835 provocationis
1698 1753 1750 1815 ius
1779 1757 1810 1815 et

423 1875 583 1939 1111111111
607 1874 815 1938 tribunicium
838 1873 876 1936 ab
899 1875 990 1938 initio
1012 1875 1145 1958 pomerii
1168 1873 1287 1937 finibus
1310 1875 1548 1957 circumscripta
1565 1875 1666 1938 fuisse
1689 1879 1721 1939 et
1744 1895 1809 1938 am-

423 1999 647 2082 plificationem
672 1999 752 2062 iuris
776 2016 861 2080 eam,
884 2018 948 2081 qua
970 1995 1149 2082 provocatio
1173 2003 1205 2062 11
1227 1998 1386 2061 auxilium
1410 1997 1618 2061 tribunicium
1640 2016 1747 2081 usquc
1770 1997 1809 2060 ad

424 2124 564 2206 primum
588 2123 759 2185 miliarium
782 2119 938 2203 valebant,
962 2141 1027 2204 qua
1049 2127 1156 2186 tamen
1179 2121 1422 2204 amplificatione
1445 2126 1616 2205 exceptum
1640 2127 1688 2185 est
1710 2123 1809 2205 impe-

425 2248 511 2310 rium
535 2245 731 2330 militiae⁷³),
753 2243 793 2307 ab
820 2246 889 2328 ipsa
911 2244 1067 2328 plebisciti
1090 2245 1172 2308 Icilii
1195 2247 1368 2309 sacrabone
1391 2246 1519 2309 initium
1539 2246 1708 2330 cepisse⁷⁴l
1732 2245 1809 2310 satis

424 2370 585 2454 probabile
614 2389 683 2434 csse
712 2369 805 2432 duco.
850 2369 1094 2432 Sacrosanctum
1122 2370 1222 2452 igitur
1247 2369 1318 2452 lege
1345 2369 1434 2432 Icilia
1462 2375 1582 2434 saerata
1605 2375 1672 2433 erat
1694 2388 1809 2452 provo·

424 2495 557 2558 canonis
581 2498 612 2558 et
634 2493 746 2556 auxilii
770 2491 933 2556 tribunicii
951 2491 1129 2576 appellandi
1151 2493 1203 2556 ius
1222 2511 1333 2556 eorum
1352 2493 1560 2577 plebeiorum,
1584 2495 1640 2576 qui
1658 2494 1809 2558 1111111-

424 2619 491 2681 tino
511 2616 706 2684 habitabant.

515 2739 603 2816 Quae
627 2742 654 2806 si
676 2739 877 2824 probabiliter
900 2741 1072 2819 coniecere,
1094 2744 1218 2823 praeter
1240 2739 1441 2823 plebiscitum
1459 2740 1586 2804 Icilium
1606 2740 1730 2824 legibus
1755 2739 1810 2803 cb-

424 2866 591 2929 testalione
615 2867 646 2927 11
668 2865 904 2927 consecratione
923 2863 1002 2946 legis
1022 2862 1083 2943 (vel
1101 2863 1268 2947 plebisciti)
1293 2866 1422 2928 sacratis
1444 2865 1547 2928 multa
1564 2865 1625 2927 alia
1647 2863 1810 2947 plebiscita

425 2993 456 3053 et
479 2988 565 3072 leges
594 2988 795 3051 adnumerari
822 2991 966 3070 possunt.
1014 2985 1095 3050 Cum
1124 2988 1209 3050 enim
1238 3005 1279 3050 11
1308 2986 1467 3052 Ciceronis
1496 2987 1678 3052 definitione
1706 3007 1810 3051 sacro-

426 3114 527 3176 sancti
550 3117 714 3194 sequatur,
742 3110 797 3173 ubi
822 3111 898 3192 quid
922 3109 1149 3192 posterioribus
1172 3109 1366 3193 reipublicae
1390 3110 1587 3194 temporibus
1614 3113 1685 3174 iure
1709 3131 1811 3175 sacro-

424 3219 638 3230 ..—-—

515 3267 646 3337 70)(1111.
668 3268 709 3334 15,
728 3266 770 3334 27,
792 3267 804 3318 1
834 3266 866 3318 ia
888 3265 958 3320 libra
977 3265 1071 3318 Laelii
1088 3265 1191 3319 Felicis
1213 3265 1252 3319 αδ
1274 3266 1305 3334 Q.
1328 3266 1480 3319 Mariam
1499 3267 1591 3334 μοιόιο
1614 3268 1749 3334 scriptam
1772 3274 1812 3321 est

426 3356 582 3412 Labeonem
604 3355 721 3410 scrtbm
748 3353 866 3407 calata
884 3353 994 3408 comitia
1012 3367 1082 3418 esse,
1100 3369 1172 3419 q-aae
1190 3369 1253 3420 μκο
1277 3354 1430 3421 cantepia
1444 3355 1656 3421 pontificum
1674 3355 1812 3410 habeatnr

426 3452 478 3499 cat
500 3445 573 3512 repas
595 3449 648 3496 aat
664 3443 810 3510 1111111111
827 3439 1094 3508 barlaamum
1113 3455 1207 3494 caasa.
1234 3455 1327 3495 earam
1345 3447 1438 3496 autem
1455 3443 1515 3496 alta
1533 3457 1590 3496 esse
1609 3444 1720 3497 arricta
1739 3443 1811 3497 alia

426 3532 634 3588 centuriata.

516 3622 561 3690 11)
581 3619 647 3674 cell.
669 3621 710 3687 13,
731 3619 772 3687 14,
791 3619 809 3671 4
828 3634 886 3686 sqq.
897 3646 930 3655 -
945 3616 1023 3670 Hanc
1041 3616 1075 3670 cb
1094 3631 1203 3670 causam
1223 3634 1301 3671 mons
1319 3617 1473 3672 Aventinus
1491 3619 1605 3673 idoneus
1623 3623 1651 3672 et
1668 3619 1812 3674 videbatur

426 3713 455 3764 ot
477 3713 547 3778 erat,
573 3709 602 3762 in
627 3724 706 3779 quem
731 3707 807 3776 plebs
830 3703 977 3771 1111111111·
1000 3720 1064 3759 nam
1087 3704 1116 3758 in
1134 3706 1301 3760 Aventinum
1320 3706 1465 3760 secessisse
1483 3705 1589 3774 plebem
1607 3708 1729 3762 narravit
1747 3708 1811 3762 Piso

428 3792 1305 3867 11111Ιὰ1.2323111111.11111.2,33,58.2,32,63.
1342 3793 1405 3849 Sall.
1424 3793 1483 3862 Iug.
1503 3795 1546 3862 31,
1566 3797 1607 3848 17.
1627 3796 1691 3850 hist.
1712 3798 1736 3864 1,
1755 3795 1780 3851 9.

517 3885 562 3954 72)
581 3885 676 3941 Icilius
704 3885 776 3939 enim
804 3883 953 3938 secundum
976 3881 1055 3936 Dion.
1085 3881 1132 3951 10,
1164 3883 1196 3936 31
1225 3881 1389 3954 uicturos...
1414 3880 1564 3943 πο11τευμα
1597 3884 1701 3947 καινόν,
1731 3883 1812 3942 ἀξιῶν

427 3971 652 4044 ἀπομερισθῆναι
678 3977 736 4030 τοῖς
763 3970 893 4038 δημόταις
919 3969 1004 4021 τόπον
1033 3967 1070 4028 ιίς
1094 3969 1184 4021 οἰκιῶν
1208 3972 1374 4030 κατασκευὰς
1396 3973 1444 4023 τόν
1467 3969 1629 4032 καλούμενον
1644 3969 1811 4036 Αὐεντῖνον.

428 4063 542 4133 Rogatio
565 4065 655 4119 autem
679 4062 739 4130 ipsa
762 4063 891 4129 conceptu
913 4061 970 4114 erat
993 4059 1143 4113 secundum
1165 4059 1245 4117 Dion.
1266 4061 1308 4130 10,
1328 4059 1362 4115 32
1380 4060 1473 4116 verbis
1491 4060 1548 4114 his:
1573 4057 1623 4112 ὅσα
1641 4062 1688 4122 μὲν
1707 4060 1812 4113 ἰδιῶταί

427 4171 498 4212 τινες
518 4141 589 4215 εἶχον
608 4151 634 4200 ἐκ
653 4149 761 4201 δικαίου
780 4148 948 4215 κτησόμενοι,
970 4150 1061 4198 ταῦτα
1084 4147 1148 4206 τοὺς
1167 4149 1273 4219 κυρὶους
1292 4151 1425 4213 κατέχειν·
1450 4147 1501 4200 ὅσα
1519 4150 1547 4200 δὲ
1565 4149 1813 4214 βιασόμευοὶτινες

430 4238 446 4308 ἢ
468 4243 554 4308 κλοπῇ
577 4239 703 4305 λαβόντες
729 4235 948 4305 ᾠκοδομήσαντο,
974 4238 1166 4298 κομισαμένους
1188 4237 1238 4296 τοὶς
1256 4237 1394 4300 δαπάνας,
1418 4237 1451 4296 ἃς
1469 4234 1504 4288 ἆυ
1522 4236 1549 4288 οἱ
1567 4240 1706 4306 διαιτηταὶ
1724 4243 1813 4304 retice,

428 4332 463 4396 τῷ
483 4327 555 4395 δήμῳ
578 4327 772 4398 παραδιδόναι·
797 4325 832 4376 τοὶ
855 4327 882 4376 δὲ
901 4325 978 4387 ἄλλα,
1003 4323 1054 4376 ὅσα
1075 4315 1104 4392 ἦν
1123 4325 1247 4391 δημόσια,
1268 4328 1348 4396 χωρὶς
1367 4325 1433 4394 ὠνῆς
1450 4326 1498 4378 τὸν
1516 4329 1599 4395 δῆμον
1618 4327 1814 4399 παραλαβόντα

429 4418 579 4468 διελέσθαι.
602 4415 751 4486 Postquam
766 4431 783 4470 a
796 4413 955 4470 cousubbus
969 4414 1021 4469 hoo
1034 4415 1207 4484 plebiscitum
1220 4414 1278 4483 lege
1294 4415 1482 4470 confirmatum
1496 4431 1556 4470 esse
1568 4417 1698 4484 namarit,
1713 4418 1812 4486 pergit:

429 4507 596 4577 κυρωθέντος
624 4505 651 4554 δὲ
678 4507 730 4555 τοῦ
756 4501 839 4564 νόμου
868 4502 1045 4562 συοολθόκτις
1072 4502 1099 4554 οἱ
1126 4504 1264 4570 δημοτικοὶ
1290 4503 1327 4555 τοί
1353 4522 1383 4554 τε
1411 4502 1540 4555 οἰκόπεδα
1568 4503 1744 4568 acelamare
1769 4506 1813 4555 καὶ

429 4593 632 4661 κατῳκοδόμουυ
651 4592 714 4645 ὅσον
732 4593 839 4644 ἕκαστοι
857 4590 943 4643 τόπον
961 4594 1106 4658 δυνηθεῖεν
1124 4589 1370 4656 ἀπολαμβάνοντος.

519 4683 564 4753 73)
582 4681 641 4736 Liv.
662 4683 687 4750 3,
707 4681 749 4750 20,
769 4682 793 4733 7.
813 4681 855 4749 24,
875 4681 900 4748 9,
920 4680 944 4735 2.
981 4681 1094 4749 Dioni,
1115 4680 1156 4736 19.
1193 4681 1272 4734 Dion.
1292 4679 1317 4748 8,
1336 4679 1379 4736 87.
1416 4682 1485 4750 App.
1504 4681 1529 4736 b.
1550 4697 1572 4736 c.
1592 4682 1617 4750 2,
1637 4681 1678 4735 31.

519 4773 564 4840 14)
583 4770 773 4839 Mommsen,
797 4769 909 4824 Staatsr.
933 4769 968 4838 1²,
987 4788 1012 4840 p.
1032 4770 1067 4825 66
1090 4769 1123 4824 ab
1146 4769 1224 4824 initio
1249 4769 1466 4838 provocationem
1491 4772 1518 4824 et
1540 4770 1584 4824 ius
1607 4768 1704 4824 emilii
1726 4784 1813 4837 usque

429 4862 462 4916 ad
483 4860 601 4930 primurn
619 4858 767 4914 miliarium
785 4858 905 4914 valuisse
924 4861 1008 4929 putat.

1583 4947 1600 4998 4
