4674 6112
1015 811 1173 818 mm.-
1229 775 1279 849 34
1335 811 1435 817 ,-.
1451 812 1458 815 .
1477 811 1492 816 .-

560 987 623 1050 Sed
647 987 764 1050 horum
787 984 929 1048 locorum
954 986 992 1067 ei,
1016 1005 1099 1068 quos
1122 986 1214 1048 tertio
1234 991 1265 1050 et
1285 991 1396 1068 quarto
1421 991 1452 1048 et
1471 985 1583 1068 quinto
1601 983 1671 1048 loco
1689 985 1793 1067 posui,
1816 986 1946 1048 omnino

561 1110 640 1173 nihil
664 1111 849 1193 disceptant,
873 1128 948 1173 cum
970 1109 1030 1172 hoo
1053 1111 1161 1193 ipsum
1186 1117 1370 1191 quaeratur,
1398 1113 1509 1172 utrum
1532 1108 1642 1191 religio
1666 1113 1697 1172 et
1720 1107 1946 1172 iusiurandum

561 1233 599 1296 ad
620 1233 720 1316 plebis
740 1233 907 1296 seditiosae
925 1232 1163 1314 iusiurandum,
1177 1252 1217 1296 an
1236 1233 1275 1295 ad
1295 1232 1539 1296 obtestationem
1557 1235 1590 1296 et
1608 1232 1876 1295 consecrationem
1896 1233 1947 1296 vel

561 1358 641 1440 legis
657 1357 709 1420 vel
725 1356 862 1420 foederis
880 1356 1044 1420 referenda
1063 1357 1184 1435 sintlll.
1218 1355 1402 1419 Ceterorum
1416 1361 1523 1419 antem
1539 1356 1683 1419 locorum
1699 1356 1798 1418 trium
1812 1356 1946 1418 auotori-

561 1487 608 1543 tas
628 1481 762 1544 minima
781 1486 840 1560 est,
864 1481 1016 1563 quoniam
1041 1484 1151 1543 auctor
1174 1481 1348 1544 sententiae
1366 1480 1401 1542 in
1425 1477 1551 1543 duobus
1570 1478 1654 1543 Festi
1672 1479 1752 1542 locis
1772 1479 1946 1542 declaratae

561 1623 663 1688 aeque
686 1609 783 1688 atque
806 1610 918 1667 auctor
942 1603 1135 1667 definitionis
1154 1603 1327 1667 Verrianae
1351 1603 1390 1666 ab
1413 1605 1484 1686 ipsa
1506 1603 1561 1666 illa
1584 1603 1662 1685 legis
1680 1601 1827 1666 Valeriae
1844 1601 1945 1664 Hora·

561 1729 622 1792 tiae
650 1729 907 1811 interpretatione
935 1732 1084 1811 suspecta
1112 1727 1279 1792 manifesto
1309 1727 1440 1811 pendet,
1462 1727 1588 1790 Liviani
1611 1733 1718 1791 autem
1740 1725 1803 1789 loci
1827 1731 1946 1806 auctor,

560 1849 649 1932 Piso,
673 1870 718 1932 ea,
742 1871 825 1934 quae
849 1851 888 1915 de
912 1853 1072 1917 creatione
1095 1851 1296 1916 tribunorum
1330 1856 1362 1915 et
1393 1851 1432 1916 de
1464 1851 1533 1935 lege
1566 1856 1687 1914 sacrata
1710 1850 1823 1913 tradita
1847 1855 1945 1928 erant,

558 1977 628 2057 ipse
650 1975 728 2038 falso
757 1977 983 2059 interpretatus
1012 1995 1081 2040 esse
1109 1976 1237 2040 videtur
1263 1975 1400 2039 tribunis
1422 1977 1456 2038 in
1489 1975 1643 2040 seditione
1675 1976 1787 2038 creatis
1819 1972 1946 2036 duobus

559 2117 635 2162 cum
659 2098 796 2163 tribunis
820 2100 970 2182 legitimis
994 2119 1035 2164 ex
1059 2101 1128 2182 lege
1152 2104 1272 2163 sacrata
1295 2101 1417 2178 orantia,
1446 2101 1502 2181 qui
1526 2117 1659 2162 numero
1683 2099 1829 2181 quinque
1848 2103 1946 2176 erant,

558 2222 772 2304 contusis100).

649 2344 798 2411 Ceterum
822 2347 1030 2412 obstrinxisse
1054 2367 1088 2412 se
1106 2348 1231 2432 plebem
1249 2349 1283 2410 in
1307 2353 1414 2411 monte
1438 2366 1527 2410 sacro
1553 2346 1770 2427 iureiurand0,
1793 2365 1857 2429 quo
1881 2347 1945 2410 sin·

557 2471 626 2552 guli
645 2469 759 2554 plebeii
778 2470 984 2536 obtestatione
1004 2472 1135 2537 deorum
1155 2479 1187 2536 et
1205 2473 1315 2555 capitis
1335 2473 1536 2534 execratione
1555 2472 1752 2551 iuraverunt,
1771 2489 1806 2534 se
1825 2470 1944 2534 ultores

558 2593 638 2675 fore,
670 2595 698 2658 si
731 2597 804 2678 quis
837 2594 984 2659 tribunos
1016 2617 1035 2658 a
1067 2616 1100 2660 se
1132 2597 1166 2659 in
1199 2595 1353 2658 seditione
1386 2603 1506 2658 creatos
1538 2595 1716 2659 violaturus
1749 2599 1843 2674 esset,
1880 2613 1944 2656 non

559 2736 656 2798 nego,
688 2737 763 2780 oum
792 2720 976 2803 exemplum
1004 2719 1162 2783 eiusmodi
1194 2719 1401 2783 iurisiurandi
1433 2719 1569 2782 alterum
1602 2717 1686 2802 apud
1718 2717 1878 2782 Romanos
1890 2719 1944 2798 ¹⁰¹)

559 2891 590 2941 ta
613 2895 674 2942 τῶν
699 2892 815 2954 νόμων,
840 2894 1015 2949 iureiurando
1039 2895 1148 2949 omnino
1172 2912 1226 2949 non
1245 2897 1467 2956 commemorate,
1491 2894 1526 2948 ad
1543 2893 1617 2962 leges
1637 2896 1756 2948 sacratas
1775 2893 1944 2946 referendum

558 2984 612 3049 est,
637 2982 719 3036 sicuti
743 2981 893 3050 Dionysius
918 2999 1024 3050 quoque
1049 2985 1073 3048 7,
1098 2982 1132 3035 22
1151 2983 1179 3035 in
1204 2983 1323 3037 oratione
1346 2982 1481 3036 Coriolani
1506 2982 1593 3035 solum
1622 2981 1704 3041 νόμον
1731 2997 1945 3036 commemorans

559 3071 602 3138 (cl.
622 3071 704 3124 etiam
724 3072 748 3139 7,
768 3070 813 3138 35)
831 3071 895 3128 τούς
913 3069 1001 3142 luparie
1020 3069 1117 3131 νόμους
1136 3072 1189 3139 (10,
1209 3071 1251 3125 32,
1270 3071 1316 3138 42)
1336 3071 1478 3139 significat.

648 3159 692 3227 98)
711 3160 752 3213 De
780 3159 892 3214 Caesare
920 3175 1031 3213 eausam
1059 3159 1122 3214 belli
1154 3159 1246 3213 civilis
1273 3162 1445 3228 praetexente
1470 3159 1537 3212 dicit
1564 3158 1643 3214 Dion.
1670 3158 1700 3223 8,
1729 3158 1763 3212 87
1793 3161 1858 3228 (quo
1886 3159 1944 3214 loco

558 3247 780 3302 Mommsenus
799 3247 848 3316 11¹,
867 3247 964 3316 p.29‘2,
980 3249 1040 3302 adn.
1056 3250 1074 3300 4
1088 3249 1198 3318 utiturj:
1219 3247 1252 3306 ὡς
1267 3245 1336 3318 α’ρχῇ
1356 3248 1441 3315 δήμου
1461 3252 1580 3310 παναγεῖ
1595 3247 1627 3299 τὸ
1648 3246 1744 3317 κράτος
1763 3246 1944 3318 ἀφαιρεθείσῃ

558 3335 635 3407 παρὰ
657 3336 734 3394 τοὺς
758 3335 875 3408 ὅρκους
897 3343 960 3388 τῶν
984 3337 1152 3407 προγόνων
1178 3336 1262 3397 αὐτὸς
1285 3336 1361 3394 ὁσίως
1385 3337 1430 3386 καὶ
1455 3335 1504 3386 σύν
1523 3337 1720 3406 00199169οῶ6.
1758 3336 1835 3403 Quod
1853 3339 1943 3391 autern

556 3423 777 3480 Mommsenns
796 3427 973 3481 iurisiurandi
993 3442 1075 3481 cansa
1093 3427 1174 3482 etiam
1193 3426 1283 3481 locum
1303 3427 1356 3480 Cic.
1377 3427 1410 3478 de
1429 3425 1472 3479 611.
1493 3426 1517 3491 3,
1536 3425 1579 3493 31,
1601 3426 1649 3478 111
1670 3427 1760 3492 affert,
1785 3426 1817 3480 de
1835 3443 1866 3480 eo
1885 3425 1944 3480 loco

555 3513 611 3568 iam
630 3515 688 3568 dixi
706 3516 766 3570 adn.
786 3516 828 3570 56.

646 3603 691 3668 99)
711 3603 826 3658 Causam
846 3621 895 3658 our
913 3605 995 3657 verba
1012 3604 1109 3672 relipio
1127 3609 1156 3658 et
1173 3604 1356 3657 caariawur'oc
1375 3604 1404 3655 in
1422 3602 1495 3656 Livii
1513 3601 1572 3656 loco
1591 3603 1625 3656 ad
1644 3603 1833 3657 iusiurandum
1857 3603 1943 3671 plebis

557 3692 650 3744 reterri
669 3708 723 3746 non
742 3693 855 3762 possint,
875 3694 929 3747 iam
948 3709 1031 3761 supra
1049 3709 1074 3760 p.
1094 3692 1111 3746 8
1131 3709 1170 3760 sq.
1190 3693 1312 3761 exposui.

647 3780 709 3850 100)
727 3780 802 3848 Piso,
830 3797 912 3849 quem
939 3781 998 3834 Liv.
1024 3781 1048 3849 2,
1068 3780 1145 3848 58,1
1175 3781 1304 3846 nominat,
1333 3779 1391 3832 sino
1419 3779 1501 3832 dubio
1529 3781 1588 3832 lons
1621 3780 1663 3832 est
1690 3779 1803 3834 Diodori
1836 3781 1877 3844 11,
1900 3779 1942 3834 68.

557 3867 650 3924 Cicero
673 3873 763 3924 autam
789 3872 821 3924 de
840 3886 895 3940 rep.
915 3872 940 3938 2,
960 3872 1002 3940 34,
1027 3869 1061 3924 59
1085 3872 1112 3923 61
1131 3868 1234 3922 Cornel.
1261 3869 1284 3934 l,
1304 3867 1339 3919 24
1362 3883 1415 3920 non
1439 3869 1472 3920 de
1490 3867 1613 3934 legitimo
1633 3867 1803 3922 tribunorum
1822 3885 1943 3936 numero,

556 3959 603 4012 sad
623 3958 656 4012 de
677 3959 783 4013 duobus
802 3976 849 4028 per
868 3959 1028 4013 seditionem
1047 3959 1145 4012 creatis
1163 3956 1282 4010 tribunis
1305 3954 1434 4022 loquitur.
1463 3955 1626 4022 Legitimum
1645 3973 1789 4010 numerum
1810 3957 1843 4011 ab
1863 3957 1943 4012 initio

557 4047 677 4116 quinque
706 4048 879 4102 tribunorum
907 4048 991 4100 fuisse
1015 4045 1141 4115 malgataa
1169 4043 1309 4099 traditioni
1333 4043 1402 4111 (Lis.
1425 4042 1450 4112 2,
1475 4045 1518 4111 33,
1542 4044 1566 4098 2.
1604 4044 1682 4099 Dion.
1707 4045 1732 4113 6,
1756 4044 1799 4100 89.
1844 4049 1942 4100 Ascon.

556 4153 581 4204 p.
601 4135 636 4189 68
654 4135 753 4190 Kiessl.
774 4137 867 4191 Zonar.
887 4138 911 4204 7,
933 4137 975 4204 15)
995 4135 1101 4190 credere
1119 4133 1191 4188 licet.

648 4224 708 4292 101)
728 4225 767 4277 116
785 4224 968 4291 iureiurando,
988 4240 1042 4292 quo
1060 4225 1122 4292 post
1139 4238 1216 4290 rages
1236 4225 1345 4276 exactos
1363 4239 1379 4276 a
1394 4222 1478 4277 Bruto
1497 4222 1609 4277 adactus
1628 4222 1746 4292 populus
1764 4238 1824 4277 esse
1843 4224 1944 4278 dicitur

555 4314 615 4367 Liv.
636 4314 660 4380 2,
682 4315 704 4381 1,
724 4314 740 4366 9
763 4313 927 4366 Brutus...
953 4313 1076 4366 oaraam
1094 4311 1218 4378 primum
1240 4309 1354 4363 arelatum
1376 4328 1464 4365 66666
1486 4310 1622 4366 laamas
1639 4312 1790 4380 populum,
1814 4327 1849 4366 66
1867 4317 1943 4379 post·

555 4401 666 4455 modam
687 4401 761 4468 (lecti
778 4400 909 4468 precibus
932 4407 983 4454 661
1006 4400 1087 4454 donis
1109 4399 1194 4468 replis
1212 4405 1319 4467 posset,
1345 4401 1531 4454 iureiurando
1554 4401 1647 4470 adepit
1677 4401 1811 4454 neminem
1838 4399 1943 4454 1166666

551 4505 689 4558 plasmatos
714 4505 840 4558 reparare.
876 4490 955 4544 Dion.
975 4491 1000 4557 5,
1022 4491 1033 4542 l
1065 4490 1110 4540 καὶ
1138 4486 1215 4560 ὅρκια
1242 4489 1367 4549 τεμόντες
1394 4487 1475 4541 calcal
1500 4508 1531 4540 τι
1557 4493 1663 4560 πρῶτον
1685 4489 1799 4546 στάντος
1823 4487 1867 4540 ἐπὶ
1890 4492 1943 4538 τῶν

556 4580 654 4642 τομίων
683 4579 789 4639 ὤμοσαν
816 4579 861 4628 καὶ
889 4579 952 4637 τούς
975 4578 1073 4638 ἄλλους
1091 4579 1205 4636 πολίτας
1229 4580 1339 4629 ἔπεισαν
1362 4573 1475 4640 ὀμόσαι,
1503 4577 1541 4644 μὴ
1564 4577 1688 4636 νατάξιιν
1712 4577 1768 4629 ἀπὸ
1791 4581 1838 4642 τῆς
1861 4579 1943 4641 συνῆς

554 4670 668 4734 βασιλέα
689 4667 838 4738 Ταρκύνιον
860 4667 927 4735 μήτι
950 4669 1014 4727 τούς
1032 4671 1134 4724 παῖδας
1163 4665 1251 4719 αὐτοῦ
1272 4667 1339 4734 μὴτι
1361 4667 1425 4726 τοὺς
1448 4666 1473 4722 λε
1492 4666 1595 4718 ἐκείνοιν
1613 4667 1813 4734 γενησομένους,
1831 4665 1943 4730 βασιλέα

554 4777 584 4809 τσ
607 4760 655 4825 τῆς
673 4755 808 4818 Ῥωμαίων
836 4756 935 4815 πόλεως
962 4759 1054 4823 μηκέτι
1081 4755 1258 4823 καταστήσειν
1285 4757 1394 4823 μηθένα
1412 4758 1477 4822 μιμλὲ
1499 4761 1557 4815 ταῖς
1580 4755 1749 4806 καθιστάναι
1772 4756 1943 4820 βουλομένοις

556 4845 717 4918 ἐπιτρίψειν.
745 4849 854 4898 ταῦτα
876 4847 933 4906 μὲν
952 4847 1028 4916 napi
1047 4847 1173 4898 ἑαυτῶν
1191 4864 1225 4896 τι
1245 4847 1378 4895 καὶτῶν
1401 4847 1519 4896 τέκνων
1543 4846 1595 4895 ναὶ
1619 4847 1678 4895 τοῦ
1700 4841 1778 4905 μεθ’
1801 4842 1942 4899 ἑαυτούς
