4674 6112
411 1043 442 1100 et
464 1037 524 1118 vis,
547 1036 640 1120 plane
663 1036 799 1119 perspici
821 1038 931 1118 possit,
953 1037 1216 1120 proficiscendum
1237 1043 1285 1100 est
1304 1058 1321 1100 a
1339 1038 1542 1121 generalibus
1561 1041 1630 1102 eius
1650 1041 1789 1104 notionis

412 1158 650 1224 definitionibus
683 1167 714 1223 et
737 1161 856 1244 elegis
879 1160 1025 1225 Valeriae
1048 1160 1198 1225 Horatiae
1226 1162 1301 1224 anni
1327 1162 1389 1224 395
1414 1182 1445 1224 u.
1475 1179 1499 1224 e.
1528 1163 1790 1246 interpretationi-

409 1285 481 1366 bus,
504 1303 585 1367 quae
609 1303 649 1347 ex
672 1285 741 1367 ipsa
765 1285 952 1367 antiquitate
976 1284 1068 1349 nobis
1093 1291 1234 1348 servatae
1258 1290 1341 1348 sunt.

498 1406 707 1472 Definitiones
740 1413 845 1472 autem
879 1409 1042 1491 generales
1074 1415 1201 1472 exsmnt
1224 1409 1320 1474 duae:
1354 1411 1465 1490 altera,
1498 1430 1595 1493 quam
1619 1410 1728 1476 Cicero
1756 1415 1790 1476 in

411 1533 550 1596 oratione
582 1551 639 1615 pro
672 1531 771 1596 Balbo
805 1552 888 1596 anno
913 1533 976 1596 698
1008 1553 1038 1595 n.
1068 1552 1092 1597 o.
1126 1533 1231 1596 habita
1263 1535 1429 1616 proposuit
1461 1535 1523 1616 (14,
1552 1536 1620 1615 33);
1648 1537 1792 1615 prinum

410 1661 644 1720 sacrosanctum
667 1655 749 1720 nibil
775 1676 840 1720 csse
864 1661 974 1737 potest,
1003 1657 1068 1721 taisi
1094 1657 1177 1737 pind
1198 1656 1338 1738 populiis
1364 1657 1500 1738 plebesve
1527 1660 1653 1737 sennia
1682 1660 1793 1725 danda

410 1781 588 1845 sanctiones
611 1779 790 1844 sacrandae
812 1785 887 1872 nint
909 1785 966 1844 aad
985 1801 1094 1862 penna
1121 1782 1189 1860 ipso
1217 1786 1274 1845 aad
1296 1781 1491 1846 obtestatione
1514 1787 1542 1846 et
1565 1785 1793 1849 concenatione

411 1903 486 1986 lepis
520 1909 577 1968 arci
601 1924 734 1984 poetice,
768 1925 838 1967 cerm
870 1909 966 1985 capaci
996 1905 1064 1968 ains
1092 1905 1147 1984 qni
1176 1910 1284 1969 contra
1311 1906 1655 1986 ἵκοντ’-1501555595,
1688 1909 1794 1991 altera,

412 2049 508 2112 quam
528 2027 642 2092 Festus
665 2047 706 2090 er
729 2027 835 2091 Verrii
853 2027 956 2092 Flacci
976 2029 1117 2112 Augusti
1139 2030 1281 2112 aequalis
1305 2048 1398 2113 opere
1418 2034 1577 2130 ercerpsit
1596 2053 1617 2097 s.
1638 2054 1666 2099 v.
1691 2054 1793 2098 sacro

413 2158 559 2215 sanctum
583 2153 624 2235 (p.
649 2152 712 2214 318
736 2149 804 2232 Μ.);
833 2156 1068 2216 sacrosanctam
1091 2153 1219 2230 dicitnr,
1249 2153 1332 2234 qnod
1353 2155 1422 2217 inre
1449 2155 1586 2220 inrcndo
1613 2158 1793 2239 innmosito

415 2280 460 2339 cst
480 2276 667 2352 institutam,
690 2276 720 2338 si
742 2275 814 2356 qnia
837 2277 871 2339 id
892 2275 1044 2353 violasset,
1067 2281 1103 2340 ni
1125 2281 1220 2340 morie
1236 2297 1358 2356 poenas
1376 2279 1531 2357 nannet
1561 2281 1652 2346 enicas
1672 2283 1795 2364 pennis

412 2403 487 2464 snnt
509 2399 629 2464 tribacni
645 2399 746 2479 plebis
777 2400 951 2481 carlilesqnc
978 2401 1114 2464 ciusdem
1141 2400 1276 2479 ordinis,
1304 2403 1387 2482 qnod
1412 2403 1565 2482 adfirmat
1587 2405 1635 2469 M.
1662 2404 1737 2472 ean
1759 2408 1794 2472 in

414 2543 459 2600 ea,
483 2543 579 2603 param
601 2525 747 2603 scripsit:
771 2523 887 2588 aediles
903 2524 1006 2605 plebis
1024 2530 1239 2590 sacrosanctos
1262 2529 1365 2606 asael).
1404 2526 1548 2602 Quarum
1573 2529 1794 2596 definitionum

415 2646 620 2710 Ciceroniana
642 2645 815 2710 Verrianae
838 2649 871 2711 in
896 2647 1121 2733 disceptatione
1146 2652 1355 2733 quaestionis,
1385 2653 1461 2735 quid
1491 2659 1727 2717 sacrosanctum
1756 2656 1797 2718 sit

414 2776 445 2834 et
470 2791 534 2853 qua
556 2771 677 2834 ratione
697 2780 932 2836 sacrosanctum
956 2773 1022 2855 fiat,
1045 2775 1113 2838 sine
1137 2773 1233 2837 dubio
1258 2775 1310 2838 vel
1327 2781 1493 2858 propterea
1515 2777 1717 2860 praeferenda
1740 2785 1796 2860 est,

415 2896 501 2977 quod
525 2914 589 2958 non
613 2895 652 2959 ad
675 2895 897 2980 explicandam
926 2897 1129 2961 tribunorum
1158 2898 1373 2982 aediliunrque
1403 2907 1634 2965 sacrosanctam
1661 2907 1796 2986 potcsta-

415 3024 478 3082 tem
502 3021 662 3113 proposita
690 3027 752 3102 est,
784 3021 840 3086 sed
873 3023 907 3084 in
940 3041 1036 3086 causa
1059 3028 1204 3086 versatur
1231 3043 1249 3085 a
1277 3025 1489 3088 controversia
1518 3025 1556 3089 de
1580 3034 1797 3090 sacrosanctae

417 3146 582 3226 potestatis
610 3149 723 3208 natura
751 3165 883 3229 prorsus
912 3145 1020 3210 aliena.
1061 3146 1175 3230 Itaque
1203 3147 1382 3212 laudandus
1410 3155 1458 3212 est
1483 3147 1712 3233 Herzogius,
1741 3151 1797 3232 qui

416 3286 507 3329 suam
524 3267 562 3330 de
575 3266 699 3350 legibus
716 3271 846 3333 sacratis
863 3275 894 3334 et
913 3270 951 3334 de
970 3277 1170 3334 sacrosancto
1191 3271 1364 3335 doctrinam
1381 3270 1585 3336 Ciceroniana
1604 3273 1797 3355 definitione,

416 3391 469 3454 cui
501 3409 559 3474 ego
587 3411 716 3476 quoque
743 3393 919 3477 plurimum
951 3393 1138 3478 tribueram¹
1156 3395 1211 3477 (1³,
1242 3417 1271 3479 p.
1298 3397 1373 3478 592,
1404 3395 1474 3459 adn.
1509 3399 1547 3479 3),
1580 3399 1798 3480 superstruxit

416 3566 557 3634 formulae,
582 3568 615 3620 de
635 3584 688 3636 qua
710 3569 739 3621 in
762 3569 823 3624 adn.
843 3571 859 3622 5
879 3569 1008 3638 diximus,
1031 3588 1085 3624 usn
1104 3573 1237 3640 appareat.
1274 3570 1380 3639 Proprii
1400 3587 1468 3625 usus
1486 3572 1617 3640 exemplis
1636 3590 1702 3626 num
1721 3589 1797 3641 prae-

417 3657 494 3709 terea
511 3656 729 3710 adnumerandus
749 3657 786 3711 sit
803 3657 880 3712 locus
899 3659 970 3727 apud
986 3658 1039 3714 Cio.
1059 3660 1087 3713 in
1104 3660 1158 3714 Cat.
1179 3661 1244 3729 2,8,
1260 3661 1301 3728 18,
1320 3661 1366 3714 ubi
1381 3662 1567 3728 possessiones
1581 3661 1797 3716 Catilinsriorum

418 3747 604 3798 sacrosanctas
631 3745 737 3800 futuras
761 3762 820 3800 esse
843 3749 936 3816 negat,
960 3747 1139 3802 dubitandum
1170 3753 1217 3802 est.
1255 3749 1366 3804 Nullius
1394 3752 1484 3804 autem
1512 3751 1640 3804 momenti
1671 3751 1705 3804 ad
1737 3767 1797 3818 per-

416 3834 586 3902 spiciendum
611 3835 776 3889 sacrosancti
800 3837 924 3890 naturam
954 3840 1019 3890 suut
1047 3837 1188 3906 improprii
1218 3843 1245 3893 et
1271 3839 1397 3893 translati
1424 3854 1492 3894 usus
1520 3838 1654 3906 exempla,
1683 3855 1796 3907 quornm

416 3922 633 3976 vetustissimum
657 3923 766 3991 praebet
793 3927 887 3979 auctor
905 3924 969 3978 belli
987 3924 1191 3995 Hispaniensis
1216 3928 1262 3996 qui
1281 3945 1338 3996 capr.
1358 3927 1392 3980 42
1412 3927 1592 3994 capistratus
1609 3926 1751 3980 naman
1769 3928 1797 3980 iu

416 4006 447 4064 eo
471 4013 664 4066 sententiarum
689 4029 761 4066 nexu
781 4016 969 4068 sacrosanctos
988 4014 1112 4083 appellat,
1137 4019 1168 4068 ut
1192 4016 1317 4070 omnibus
1336 4015 1539 4084 magistratibus
1557 4016 1720 4070 conveniens
1739 4032 1798 4070 esse

415 4099 575 4154 attributum
601 4100 669 4154 illud
694 4101 833 4155 censuisse
856 4104 994 4170 putandus
1018 4104 1067 4172 sit,
1091 4102 1145 4157 alia
1167 4108 1256 4157 autem
1281 4107 1345 4158 sunt
1364 4105 1552 4157 sacrosanctus
1570 4103 1650 4157 beros
1677 4103 1799 4172 Oedipus

419 4188 490 4256 apud
501 4188 560 4242 Val.
576 4189 648 4245 Max.
663 4191 688 4258 5,
708 4192 733 4256 3,
753 4192 808 4243 ext.
828 4192 844 4243 3
863 4191 891 4244 in
909 4191 970 4258 line,
994 4195 1181 4247 sacrosanctus
1201 4197 1347 4246 nccrisator·
1366 4192 1437 4260 apud
1455 4191 1514 4246 Tac.
1529 4209 1590 4246 ann.
1605 4193 1630 4261 4,
1647 4194 1689 4257 36,
1709 4211 1798 4249 sacro-

419 4277 531 4330 sanctus
555 4279 630 4332 testis
654 4279 723 4347 (scil.
747 4279 930 4347 Domitianus)
949 4281 1020 4349 apud
1044 4279 1159 4334 Statium
1179 4281 1257 4348 epist.
1281 4280 1314 4335 ad
1334 4279 1445 4334 Stellam
1465 4279 1541 4350 (silv.
1568 4282 1605 4350 1),
1629 4285 1800 4338 sacrosancta

415 4366 547 4418 aemerio
566 4366 648 4420 amici
666 4368 737 4435 apud
751 4367 822 4422 Plin.
843 4384 883 4436 op.
904 4370 927 4436 7,
944 4369 985 4436 11,
1001 4370 1025 4436 3,
1045 4369 1209 4423 sacrosancti
1229 4368 1346 4437 collegae
1364 4370 1435 4438 apud
1449 4369 1541 4424 Sidon.
1557 4369 1645 4438 Apoll.
1660 4387 1700 4439 ep.
1716 4371 1741 4432 9.
1757 4372 1798 4440 10,

416 4459 587 4508 sacrosancta
605 4454 710 4508 altario
730 4457 756 4510 iu
773 4456 835 4510 Cod.
850 4457 948 4512 Theod.
968 4458 992 4525 9,
1012 4458 1054 4524 45,
1074 4459 1090 4510 4
1109 4474 1157 4526 pr,
1177 4463 1348 4512 sacrosancta
1366 4458 1497 4527 mysteria
1516 4458 1580 4512 ibid.
1598 4458 1639 4523 12,
1656 4460 1680 4526 1,
1697 4460 1757 4528 185,
1773 4462 1798 4527 5,

416 4545 603 4597 sacrosanctae
626 4545 742 4613 denique
761 4545 888 4598 ecclesiae
906 4545 935 4597 iu
954 4545 1017 4600 Cod.
1036 4545 1134 4600 Theod.
1155 4547 1196 4613 16,
1218 4549 1243 4614 5,
1261 4547 1295 4599 47
1315 4550 1342 4600 et
1360 4547 1456 4600 Iustiu.
1478 4550 1501 4616 1,
1521 4547 1544 4601 2.
1565 4578 1598 4585 —
1618 4547 1742 4602 Ceterum
1765 4565 1799 4602 ex

415 4631 467 4685 hoc
486 4647 553 4684 usus
573 4635 718 4700 conspectu
737 4636 847 4700 apparet
865 4633 934 4702 lepos
952 4641 1079 4688 sacratas
1098 4652 1114 4689 a
1134 4634 1330 4690 Mommseno
1350 4636 1379 4688 in
1397 4635 1509 4704 Ephem.
1534 4636 1617 4705 epigr.
1637 4636 1683 4704 111,
1703 4655 1727 4705 p.
1749 4637 1800 4692 100

416 4737 470 4774 non
494 4719 619 4774 debuisse
642 4721 711 4789 lepes
733 4728 928 4776 sacrosanctas
947 4723 1009 4791 diei,
1034 4740 1197 4792 quamquam
1217 4741 1332 4778 conexas
1351 4740 1410 4778 osse
1428 4724 1552 4778 notiones
1571 4724 1632 4779 illas
1652 4741 1704 4780 uon
1723 4741 1798 4794 nego.

506 4809 532 4875 7)
552 4807 588 4864 Oi.
606 4809 676 4864 Fest.
696 4827 736 4879 ep.
752 4828 777 4879 p.
793 4809 845 4864 319
864 4817 1072 4865 εαονοεαποιιιπι
1091 4813 1242 4880 dicebatur,
1261 4813 1335 4880 qtcod
1353 4812 1539 4866 iureiurando
1558 4813 1721 4880 interposito
1740 4819 1801 4868 crat

416 4895 584 4964 institutum,
603 4905 643 4966 ut,
662 4899 688 4952 si
705 4899 768 4966 quis
785 4899 816 4952 id
833 4900 970 4968 violasset,
988 4906 1073 4955 morte
1088 4897 1195 4968 poenas
1208 4901 1349 4970 penderet.
