4674 6112
1016 813 1251 884 ——4

549 1028 627 1089 dum
659 1024 759 1108 plebis
793 1025 1016 1107 expressisset,
1048 1023 1178 1106 probare
1211 1021 1335 1085 studuit
1362 1040 1497 1104 eamque
1524 1021 1627 1104 legem
1657 1025 1812 1084 sacratam
1835 1040 1852 1082 a
1877 1019 1929 1082 M’.

549 1149 676 1214 Valerio
699 1147 842 1211 Maximo
867 1148 1017 1211 dictatore
1039 1147 1136 1210 latam
1159 1165 1229 1210 esse
1253 1147 1388 1209 coniecit
1408 1148 1429 1226 ).

638 1272 862 1336 Mommseni
882 1273 1038 1336 sententia
1057 1279 1114 1335 cur
1132 1271 1209 1334 mihi
1230 1270 1388 1333 reicienda
1407 1269 1577 1350 videretur,
1595 1269 1630 1331 in
1649 1271 1741 1332 tertia
1759 1269 1932 1332 voluminis

550 1398 646 1482 primi
680 1398 907 1479 antiquitatum
935 1395 1150 1458 Romanarum
1180 1395 1317 1458 editione
1346 1397 1386 1476 (p.
1415 1394 1489 1459 591.
1519 1395 1590 1456 594.
1620 1393 1682 1456 637
1708 1396 1764 1476 sq.)
1796 1392 1933 1456 breviter

551 1522 703 1600 indicavi3
729 1521 766 1584 dc
788 1519 971 1604 Herzogii
994 1526 1101 1583 autem
1127 1519 1282 1583 sententia
1305 1517 1416 1580 iudicii
1442 1519 1506 1580 mei
1539 1517 1767 1600 pronuntiandi
1795 1518 1932 1580 occasio·

551 1665 625 1710 nem
655 1665 728 1709 cum
758 1645 902 1708 nondum
931 1645 1111 1724 habuerim,
1143 1643 1201 1706 hoc
1229 1641 1334 1706 libello
1369 1641 1547 1704 academico
1579 1648 1677 1705 totam
1712 1642 1932 1725 quaestionem

550 1771 656 1834 denuo
679 1774 810 1832 tractare
835 1769 968 1833 decrevi.
1007 1767 1078 1843 Qua
1095 1769 1128 1830 in
1153 1786 1187 1831 re
1210 1766 1242 1829 id
1261 1767 1430 1830 consilium
1451 1770 1581 1828 secutus
1605 1786 1688 1847 sum,
1711 1772 1748 1830 ut
1771 1767 1825 1847 eis,
1848 1764 1933 1849 apud

554 1915 637 1978 quos
662 1899 848 1977 argumenta
876 1893 950 1976 plus
974 1892 1082 1954 valent
1111 1911 1208 1974 quam
1232 1891 1400 1973 imperiose
1434 1889 1531 1970 dicta,
1557 1895 1745 1974 argumenta
1777 1909 1813 1952 55
1841 1890 1933 1972 plene

551 2037 760 2102 exponerem,
792 2017 911 2100 quibus
949 2021 1127 2079 commotus
1161 2019 1192 2078 ot
1222 2013 1445 2078 Mommseni
1478 2020 1509 2077 et
1540 2013 1724 2098 Herzcgii
1761 2014 1933 2077 sententias

550 2143 677 2227 probari
701 2161 765 2205 nou
788 2159 881 2225 posse
905 2141 1063 2203 existimo.

640 2266 721 2330 Cum
745 2285 797 2347 ea,
825 2283 907 2348 quae
935 2264 973 2326 de
997 2264 1118 2346 origine
1141 2263 1321 2326 tribunatus
1345 2262 1447 2346 plebis
1471 2261 1510 2326 ab
1539 2263 1702 2326 annalium
1727 2261 1934 2345 scriptoribus

550 2392 664 2456 tradita
687 2393 720 2453 in
743 2388 885 2452 fontibus
908 2387 999 2450 nobis
1024 2388 1156 2450 servatis
1181 2387 1344 2469 leguntur,
1372 2388 1457 2450 inter
1485 2407 1519 2450 se
1548 2387 1728 2469 discrepent
1756 2391 1787 2450 et
1809 2391 1935 2470 propter

550 2518 652 2599 ipsam
680 2515 726 2577 rei
758 2517 951 2577 vetustatem
984 2510 1098 2575 dubiae
1131 2515 1162 2574 51
1194 2512 1332 2574 incertae
1364 2510 1439 2574 fidei
1472 2511 1548 2592 sint,
1582 2527 1722 2593 cumque
1754 2528 1861 2592 neque
1893 2529 1934 2572 ex

550 2640 683 2717 1515151)
703 2655 809 2719 neque
828 2655 869 2700 ex
888 2654 954 2699 usu
962 2637 986 2714 6)
1006 2634 1153 2698 vocabuli
1171 2638 1400 2711 sacrosanctae,
1421 2653 1503 2717 quae
1528 2635 1568 2698 sit
1591 2636 1661 2697 eius
1680 2633 1827 2698 vocabuli
1846 2635 1934 2697 notio

639 2848 666 2916 4)
686 2847 791 2901 Inserta
809 2849 851 2900 551
869 2846 897 2898 15
917 2863 978 2900 nov.
999 2845 1086 2900 annal.
1107 2843 1201 2913 philol.
1221 2844 1470 2900 aFlcckeiseno
1489 2845 1570 2898 editis
1585 2860 1655 2900 anno
1673 2845 1748 2899 1870.
1764 2863 1789 2912 p.
1806 2845 1857 2899 139
1867 2861 1934 2914 sqq,

550 2938 584 2991 cf.
604 2936 739 3004 imprimis
758 2953 783 3003 p.
803 2936 854 2989 146
874 2951 932 3003 sqq.

641 3025 668 3093 5)
687 3023 853 3079 Paratheton
871 3024 984 3078 ablativi
1003 3039 1083 3078 sacro
1102 3025 1129 3076 51
1147 3022 1284 3091 participii
1302 3028 1426 3090 sauctus,
1445 3039 1499 3077 non
1518 3024 1634 3078 duorum
1649 3022 1844 3078 adiectivorum
1858 3037 1935 3074 sacar

553 3115 581 3168 51
603 3119 719 3167 arr-uetus
744 3112 834 3182 (quale
853 3129 912 3165 esse
931 3112 1020 3167 voluit
1038 3113 1101 3166 olim
1122 3112 1238 3166 Zonaras
1258 3113 1281 3180 7,
1302 3113 1344 3179 15,
1367 3127 1454 3180 nuper
1472 3113 1502 3166 0.
1521 3111 1632 3180 Meyer
1654 3113 1695 3165 in:
1716 3110 1871 3164 Zeitschriit
1892 3111 1935 3163 iiir

556 3202 762 3271 vergleichcnde
776 3201 1035 3270 Spraohiorschung,
1049 3201 1101 3255 vol.
1118 3201 1159 3254 22.
1177 3199 1253 3255 1874.
1268 3217 1293 3268 p.
1311 3200 1365 3270 30),
1380 3216 1438 3254 esse
1453 3201 1530 3254 docet
1545 3201 1641 3254 tmesis
1655 3201 1725 3269 apud
1740 3199 1861 3253 Plinium
1880 3205 1934 3254 551.

553 3292 620 3345 hist.
640 3294 664 3358 7,
685 3293 700 3360 ξ
720 3291 771 3344 143
794 3305 927 3356 sacroque
949 3295 1084 3344 saucium.
1123 3289 1200 3355 Quod
1219 3291 1308 3343 autem
1327 3289 1444 3344 formula
1460 3289 1596 3344 tralaticia
1613 3291 1639 3344 8.
1660 3287 1691 3355 Q.
1710 3288 1736 3343 S.
1756 3288 1782 3343 S.
1802 3289 1832 3342 Ε.
1852 3289 1882 3355 Q.
1901 3289 1934 3343 N.

552 3381 574 3434 1.
599 3379 625 3434 S.
650 3379 681 3432 R.
704 3379 735 3434 E.
760 3379 793 3432 Η.
818 3378 847 3433 L.
871 3379 904 3431 N.
929 3377 961 3432 R.
985 3394 1001 3432 5
1022 3376 1059 3432 Μ.
1079 3377 1187 3432 Valerio
1207 3378 1295 3432 Probo
1317 3378 1347 3430 15
1370 3378 1518 3447 fragmento
1544 3380 1577 3432 dc
1595 3378 1694 3432 litteris
1718 3377 1901 3446 singularibus
1921 3393 1936 3430 5

552 3469 753 3523 Mommseno
772 3467 844 3521 edito
864 3466 1023 3536 (01515551.
1043 3467 1087 3520 lat.
1108 3467 1149 3522 ed.
1169 3467 1239 3522 Keil.
1259 3465 1313 3521 vol.
1332 3467 1378 3534 IV,
1402 3484 1427 3536 p.
1447 3467 1510 3534 273)
1529 3467 1683 3535 explicetur
1701 3467 1805 3520 verbis:
1825 3465 1937 3532 siquid

551 3559 645 3611 sacri
667 3558 760 3610 555511
782 3562 835 3622 eet,
859 3555 934 3622 quad
956 3572 1014 3609 555
1032 3556 1095 3609 iure
1112 3557 1149 3608 eit
1166 3561 1308 3625 raparum,
1333 3557 1393 3609 5155
1410 3555 1463 3608 hcc
1481 3556 1537 3625 lepc
1554 3555 1627 3608 511111
1644 3560 1776 3624 rogatur,
1800 3554 1827 3606 id
1847 3570 1935 3608 errore

551 3647 725 3702 librariorum
749 3645 816 3714 (cod.
836 3645 924 3698 Vatia.
949 3645 1030 3698 babet
1052 3645 1248 3698 sacrosancti
1271 3645 1304 3698 ed
1327 3643 1399 3712 apud
1423 3642 1578 3698 Ciceronem
1606 3660 1655 3711 pro
1674 3642 1758 3696 Balbo
1784 3643 1824 3710 14,
1850 3643 1884 3696 33
1908 3644 1934 3697 15

551 3737 644 3790 eadem
663 3733 778 3788 formula
797 3734 903 3787 codices
922 3733 1022 3787 habeut
1040 3734 1134 3801 siquid
1155 3737 1365 3787 sacrosanctum
1387 3733 1437 3798 551)
1460 3733 1563 3786 iactum
1586 3735 1628 3785 est
1652 3733 1694 3801 151.
1715 3733 1792 3786 Rom.
1812 3732 1868 3786 Art.
1887 3732 1936 3798 11⁸,

552 3842 577 3893 p.
602 3824 666 3891 651,
690 3824 751 3878 adn.
776 3823 802 3890 7)
830 3823 936 3888 eodem,
961 3839 1013 3888 quo
1040 3821 1113 3875 Livii
1140 3821 1246 3875 librarii
1274 3821 1303 3888 3,
1328 3821 1374 3887 55,
1398 3819 1415 3872 9
1444 3821 1613 3888 scripserunt
1635 3826 1867 3888 sacrcaaactoque
1889 3838 1936 3890 pro

552 3919 738 3967 sacrosancto.
777 3911 829 3978 Qui
848 3927 922 3966 error
940 3911 1002 3963 inde
1025 3909 1202 3978 explicandus
1221 3914 1274 3978 est,
1299 3909 1371 3977 quod
1390 3909 1497 3963 diversa
1520 3925 1631 3978 prorsus
1656 3926 1672 3964 a
1694 3909 1822 3964 vocabuli
1845 3926 1937 3964 sacro·

552 4007 669 4054 sauctus
689 3999 884 4069 significatione
903 3999 984 4052 etiam
1003 4015 1081 4052 sacer
1103 4005 1270 4066 sanctusque
1292 3998 1347 4052 dici
1369 3998 1459 4065 potuit
1485 3998 1528 4066 (cl.
1552 3997 1611 4053 Liv.
1637 4000 1661 4067 3,
1687 3998 1790 4067 19,10.
1827 3999 1936 4054 Tertull.

553 4091 586 4143 de
605 4107 704 4144 corono
728 4088 783 4142 mil.
804 4088 838 4142 13
861 4088 888 4141 in
912 4089 985 4156 1155).
1022 4087 1504 4156 0555555150κό5551555551155,
1524 4088 1571 4155 qui
1590 4087 1673 4141 elium
1698 4104 1745 4156 per
1767 4105 1884 4142 errorem
1907 4090 1934 4140 in

552 4179 632 4247 Iegis
651 4178 702 4232 Iul.
723 4178 807 4232 colon.
828 4177 974 4231 Genetivae
993 4193 1050 4245 cap.
1069 4177 1104 4231 66
1123 4177 1240 4230 traditur
1258 4176 1382 4246 (Ephem.
1401 4177 1483 4244 epigr.
1503 4175 1557 4230 vol.
1576 4177 1626 4230 III.
1646 4195 1671 4246 p.
1691 4178 1736 4246 93)
1756 4195 1781 4230 v.
1801 4178 1878 4232 infra.

642 4267 669 4336 6)
688 4266 798 4321 Praeter
824 4267 1005 4334 mapietratua
1028 4267 1101 4320 enim
1125 4266 1211 4335 plebis
1235 4265 1304 4334 (liv.
1325 4267 1349 4333 2,
1369 4267 1411 4334 33,
1433 4268 1456 4320 l.
1475 4266 1500 4333 3,
1520 4267 1562 4334 55,
1582 4267 1622 4334 8),
1647 4266 1782 4334 imprimis
1807 4265 1934 4320 trebuetur

553 4355 623 4423 (Liv.
648 4357 672 4423 3,
699 4355 740 4423 10,
766 4354 807 4408 10.
836 4355 861 4422 3,
886 4357 928 4423 55,
951 4356 976 4410 6.
1006 4354 1048 4409 10.
1077 4356 1101 4422 4,
1126 4356 1151 4423 6,
1176 4355 1199 4407 7.
1229 4354 1253 4422 9,
1276 4354 1302 4422 8,
1328 4357 1368 4409 15.
1397 4355 1421 4421 9,
1441 4354 1466 4422 9,
1487 4356 1509 4409 1.
1539 4355 1610 4409 Ρ115.
1634 4357 1689 4408 nat.
1714 4355 1777 4408 hist.
1798 4355 1822 4420 7,
1842 4351 1934 4422 §143

554 4443 618 4498 Zau.
644 4445 668 4513 7,
689 4443 733 4512 15)
756 4447 783 4498 51
805 4443 907 4497 aediles
925 4444 994 4513 (Liv.
1014 4445 1040 4506 3,
1059 4446 1101 4512 55,
1126 4445 1149 4498 9.
1188 4444 1253 4499 0515
1276 4445 1348 4513 apud
1369 4444 1440 4499 Fest.
1465 4460 1486 4499 5.
1510 4461 1536 4498 v.
1556 4451 1757 4498 sacrosanctum
1777 4461 1802 4511 p.
1822 4439 1891 4508 318),
1910 4443 1937 4493 et

553 4535 659 4601 practer
678 4539 840 4600 potestatem
863 4532 1043 4586 tribuniciam
1066 4533 1137 4602 (Liv.
1157 4535 1182 4602 4,
1202 4535 1226 4601 3,
1246 4535 1270 4588 6.
1294 4535 1320 4601 4,
1338 4535 1381 4600 44,
1401 4536 1426 4588 5.
1451 4533 1493 4601 29,
1513 4533 1555 4600 20,
1576 4535 1618 4586 11.
1655 4531 1714 4587 Val.
1733 4532 1804 4585 Max.
1824 4531 1848 4598 6,
1870 4532 1892 4596 l,
1912 4531 1936 4582 7.

551 4623 578 4689 6,
606 4623 631 4689 5,
659 4622 685 4676 4.
727 4621 797 4676 Plin.
827 4639 867 4690 ep.
893 4624 917 4690 1,
946 4623 988 4690 23,
1014 4621 1039 4689 1)
1068 4627 1206 4690 caputque
1235 4622 1337 4676 tribuni
1366 4623 1453 4691 plebis
1486 4621 1566 4688 (Flor.
1598 4622 1623 4688 3,
1657 4622 1697 4690 15,
1727 4621 1754 4689 0)
1781 4620 1809 4672 15
1837 4619 1937 4673 11115115

554 4711 684 4764 Romanis
703 4712 811 4780 proprio
835 4716 864 4764 51
886 4710 1012 4765 sollemni
1030 4727 1083 4765 usu
1106 4718 1286 4765 5555555515
1304 4711 1479 4766 nominantur
1498 4711 1556 4766 sola
1578 4709 1690 4776 foedera
1710 4709 1775 4778 (Cic.
1795 4725 1842 4776 pro
1862 4707 1937 4762 Balb.

556 4802 596 4868 14,
622 4799 667 4870 32)
692 4803 719 4854 51
742 4801 850 4854 uacatio
873 4801 988 4854 militiae
1011 4801 1080 4870 (Liv.
1106 4801 1152 4866 27,
1177 4799 1224 4868 38,
1249 4801 1275 4868 3)
1299 4800 1343 4854 vel
1367 4800 1476 4854 vacatio
1499 4799 1604 4852 militae
1631 4797 1808 4864 munerisque
1831 4794 1940 4862 publici

555 4889 629 4958 (Leg.
649 4890 700 4943 lul.
726 4889 774 4944 col.
800 4889 865 4947 Gen.
889 4907 947 4959 cap.
967 4890 1024 4960 66),
1049 4907 1111 4944 cum
1135 4889 1221 4945 multo
1244 4889 1323 4958 plura
1346 4889 1406 4942 iura
1429 4889 1600 4942 sacrosancta
1623 4885 1708 4938 luisse
1731 4901 1764 4938 ex
1788 4883 1939 4938 tralaticiac
