4674 6112
846 833 1003 840 *.---.-
1060 797 1107 870 31
1166 833 1310 840 -,-„..

391 1007 789 1088 saerosancta⁹1)ruerunt,
808 1009 835 1070 si
846 1027 920 1070 vera
940 1013 1026 1089 sunt,
1045 1026 1128 1090 quae
1143 1026 1240 1090 supra
1254 1009 1293 1089 (p.
1309 1009 1348 1070 21
1363 1010 1444 1091 sqq.)
1459 1009 1498 1072 de
1513 1009 1684 1074 verborum
1699 1011 1777 1076 obte-

390 1133 523 1198 statione
545 1136 575 1196 et
596 1133 824 1196 cmrsecratc'oae
846 1129 922 1211 lepis
945 1130 1204 1214 interpretatione
1228 1133 1371 1213 exposui.
1410 1131 1524 1215 Itaque
1547 1133 1634 1217 leges
1658 1139 1690 1198 et
1711 1135 1777 1218 ple·

389 1256 501 1320 hiscite
525 1256 563 1320 de
585 1254 767 1319 foederibus
790 1256 819 1318 ei
843 1257 959 1337 speciei
982 1255 1091 1338 legum
1116 1260 1324 1335 sacratarum,
1353 1275 1491 1338 querum
1520 1259 1700 1322 sanctiones
1723 1259 1777 1321 ob

390 1381 558 1443 testatione
588 1383 620 1443 et
642 1379 879 1442 consecratione
898 1378 977 1461 legis
1001 1383 1141 1442 sacratae
1165 1382 1252 1458 sunt,
1279 1377 1519 1442 adnumeranda
1546 1399 1617 1444 esse
1640 1389 1777 1466 apparet

478 1500 568 1567 Duas
596 1509 704 1567 eutem
733 1503 854 1585 species
887 1503 1090 1565 sanctionum
1125 1501 1364 1582 sacrandorum,
1393 1521 1530 1585 quarum
1561 1505 1776 1572 diversitatem

390 1628 598 1709 exposuimus
614 1644 817 1710 quarumque
832 1625 978 1708 exempla
997 1625 1266 1706 enumeravimus,
1289 1626 1452 1708 particulis
1475 1631 1613 1691 orat-out
1632 1629 1777 1695 distinxit

391 1747 509 1830 Cicero,
530 1769 669 1833 quocum
695 1751 843 1830 concinit,
862 1749 950 1832 quod
968 1750 1002 1811 in
1016 1749 1263 1830 interrogatione
1279 1748 1428 1832 deinceps
1443 1757 1597 1833 sequente
1612 1755 1778 1836 particulis

389 1877 558 1937 atrum-oa
572 1892 653 1937 usus
664 1879 719 1937 est.
743 1871 830 1936 Hinc
844 1873 991 1956 sequitur
1000 1890 1040 1936 ex
1052 1870 1213 1935 Ciceronis
1227 1873 1385 1935 sententie
1398 1891 1464 1936 non
1477 1875 1663 1940 coniunctas
1677 1877 1777 1943 brisse

391 1996 471 2059 duas
493 1997 564 2059 illas
586 1999 735 2078 rationes
759 2016 839 2080 quas
861 1995 1078 2079 Herzogius
1103 1993 1286 2059 Ciceronem
1307 1997 1421 2060 erroris
1439 1997 1632 2063 insimulans
1652 2019 1777 2084 semper

391 2120 578 2183 coniunctas
601 2120 702 2184 fuisse
724 2120 753 2200 (l.
778 2139 804 2184 c.
828 2141 857 2203 p.
884 2121 956 2182 145.
983 2119 1058 2199 149)
1083 2120 1208 2200 statuit,
1240 2118 1296 2182 sed
1320 2119 1509 2202 disiunctas,
1540 2121 1639 2204 idque
1662 2143 1776 2189 verum

390 2260 460 2306 esse
484 2262 559 2306 cum
582 2262 624 2307 ex
652 2247 767 2307 nature
794 2245 965 2326 utriusque
988 2244 1105 2325 speciei
1128 2243 1286 2325 sequitur,
1308 2248 1379 2305 turn
1403 2246 1642 2310 enumeratione
1664 2247 1773 2331 legum

390 2372 583 2430 secretarum
615 2368 787 2451 utriusque
820 2367 936 2451 speciei
969 2367 1046 2430 satis
1075 2365 1325 2430 demonstratum
1350 2372 1406 2430 est

478 2489 688 2555 Absolvimus
719 2493 783 2554 iam
816 2489 1010 2554 definitionis
1043 2489 1266 2553 Ciceronianae
1298 2491 1603 2574 interpretationem,
1636 2513 1775 2576 quacum

389 2614 507 2696 optime
530 2613 692 2698 vulgatam
721 2615 801 2697 legis
824 2613 970 2678 Valeriae
993 2612 1143 2676 Horatiae
1170 2615 1463 2696 interpretationem
1492 2618 1655 2699 (usupra
1680 2638 1709 2701 p.
1734 2620 1777 2701 8),

389 2736 478 2800 nullo
496 2737 593 2800 modo
608 2757 678 2802 earn
693 2738 999 2802 iurisconsultorum
1014 2739 1085 2801 eius
1101 2737 1181 2820 legis
1195 2738 1496 2820 interpretationem,
1510 2758 1609 2820 quarn
1622 2738 1777 2804 Momm·

390 2878 506 2923 senus
526 2863 681 2943 sequitur,
704 2861 865 2924 conciliari
883 2879 978 2944 possa
996 2865 1132 2944 apparet.
1174 2859 1336 2924 Ciceronis
1354 2866 1462 2924 eutem
1486 2865 1678 2930 sacrosancti
1701 2864 1777 2929 defi·

389 2984 543 3047 nitionem
565 3003 697 3067 prorsus
720 2987 780 3062 eis,
804 3004 886 3068 quae
911 2985 949 3048 de
972 2983 1097 3068 legibus
1121 2985 1250 3047 sacratis
1274 2984 1368 3048 etde
1392 2987 1602 3048 sacrosanctis
1624 2986 1720 3050 rebus
1745 2995 1777 3052 et

388 3109 531 3189 personis
561 3113 644 3172 certo
673 3110 747 3172 sciri
779 3114 834 3171 aut
861 3106 1064 3191 probabiliter
1092 3108 1196 3170 conici
1228 3113 1373 3189 possunt,
1405 3109 1672 3172 accommodatam
1706 3128 1777 3174 esse

389 3229 542 3309 vidimus;
567 3230 626 3293 hoc
649 3251 753 3294 unum
777 3230 1016 3294 concedendum
1037 3228 1128 3292 nobis
1151 3235 1227 3310 erat,
1250 3247 1373 3293 emessa
1396 3228 1590 3313 Ciceronem,
1615 3238 1775 3315 quatenus

390 3353 484 3416 etiarn
508 3354 564 3434 ea,
577 3373 669 3436 .quae
692 3352 817 3438 legibus
840 3355 936 3436 regiis
959 3359 1159 3417 sacrosancta
1181 3353 1326 3434 suerunt,
1354 3357 1386 3416 et
1412 3352 1538 3417 foedera
1566 3363 1776 3439 sacrosancta,

390 3495 472 3558 quae
500 3481 573 3541 ante
595 3477 709 3542 foedus
732 3477 912 3541 Caudinunr
936 3480 999 3541 icta
1022 3482 1106 3558 sunt,
1129 3476 1240 3560 populi
1267 3478 1361 3540 iussu
1388 3475 1533 3559 plebeive
1558 3479 1636 3542 scito
1670 3499 1775 3543 sacro-

389 3605 498 3663 sancta
520 3600 601 3664 iacta
619 3620 689 3666 esse
713 3602 890 3666 secundum
915 3621 992 3665 suae
1020 3601 1130 3664 aetatis
1159 3600 1341 3682 opinionem
1370 3619 1575 3664 communem
1604 3600 1775 3666 arbitratus

389 3729 439 3788 est
457 3727 498 3806 (r.
519 3745 617 3809 supra
634 3747 663 3809 p.
685 3727 726 3788 14
745 3728 818 3808 sq.);
843 3725 929 3790 unde
954 3726 1099 3808 sequitur
1122 3742 1225 3788 errare
1247 3724 1391 3807 potuisse
1414 3722 1598 3788 Ciceronem
1622 3726 1716 3789 etiam
1740 3728 1775 3789 in

389 3865 426 3910 ea
448 3868 491 3931 re,
515 3849 601 3932 quod
624 3847 828 3913 tribuniciam
850 3853 1038 3932 potestatem
1066 3848 1136 3932 lege
1163 3848 1226 3911 lata
1254 3852 1485 3912 sacrosanctam
1512 3848 1613 3912 fuisse
1642 3849 1775 3914 credidit

389 3969 431 4055 (p.
454 3973 516 4052 14).
565 3973 618 4036 Ex
642 3972 802 4038 Ciceronis
830 3977 938 4036 eutem
962 3971 1145 4037 definitione
1169 3973 1276 4036 omnia
1303 3976 1517 4054 sacrosancta,
1549 3974 1668 4056 quippe
1692 3992 1775 4057 quae
1803 3981 1809 3990 '

389 4097 497 4159 omnia
520 4094 582 4177 lope
605 4102 714 4160 sancte
736 4102 858 4179 essent,
881 4095 1019 4176 lepilimo
1045 4095 1146 4160 fuisse
1174 4096 1247 4159 luce
1275 4095 1391 4160 clarius
1421 4101 1483 4176 est;
1513 4095 1650 4178 lepitimc
1676 4099 1775 4182 igitur

389 4219 459 4281 sine
483 4219 579 4284 dnbio
608 4222 703 4284 etiem
732 4239 768 4284 ea
795 4225 995 4284 sacrosancte
1021 4219 1166 4302 luerunt,
1195 4239 1276 4302 quea
1299 4239 1363 4282 non
1391 4219 1462 4303 lege
1489 4220 1552 4283 lata
1575 4227 1775 4286 sacrosancte

387 4501 479 4554 Iovem
498 4499 616 4568 lapidem
634 4501 734 4569 patrati
757 4518 811 4554 non
830 4517 936 4569 semper
961 4501 1073 4554 eandem
1092 4499 1149 4552 vim
1168 4499 1252 4554 inisse
1276 4500 1463 4554 demonstrent
1481 4499 1575 4568 Polyb.
1595 4501 1619 4556 3.
1639 4501 1682 4555 25.
1702 4501 1773 4556 Fest

387 4606 427 4658 ep.
448 4606 472 4658 p.
493 4590 553 4643 115.
590 4587 662 4642 Plut.
682 4587 749 4642 Sull.
770 4588 812 4643 10.

476 4677 522 4738 91)
540 4676 634 4744 Ipsum
652 4677 747 4730 foedus
762 4675 915 4730 Caudinum
935 4676 994 4730 sine
1013 4676 1094 4730 dubio
1114 4679 1316 4732 sacrosanctum
1335 4676 1395 4743 tuit,
1415 4692 1580 4745 quamquam
1594 4677 1700 4732 fetiales
1718 4693 1773 4731 non

388 4767 537 4834 adfuerant,
557 4766 604 4820 sed
622 4766 681 4834 ipse
699 4766 846 4834 imperator
868 4765 1058 4820 iusiurandum
1082 4768 1242 4834 patraverat.
1276 4765 1341 4819 Erat
1363 4765 1436 4818 eninr
1454 4764 1554 4830 foedus
1572 4780 1693 4818 eamme
1710 4765 1773 4818 reli-

385 4855 479 4924 9iom‘a
497 4857 566 4908 teste
586 4853 714 4909 Cicerone
733 4855 765 4908 de
784 4855 839 4907 inv.
859 4853 884 4922 2,
904 4853 946 4922 30,
965 4854 1008 4908 92.
1046 4853 1085 4908 Cf.
1104 4853 1296 4922 Mommsen,
1316 4851 1481 4922 Staatsr.1²,
1500 4871 1525 4922 p.
1546 4853 1607 4921 239,
1626 4852 1686 4907 adn.
1707 4854 1730 4906 1.
