4674 6112
1001 815 1160 821 ..-....-
1217 780 1238 852 6
1294 815 1453 822 ...—

537 990 568 1070 (l.
592 1011 618 1054 o.
641 1011 670 1075 p.
692 990 777 1072 146),
800 1009 877 1053 oum
895 989 1151 1054 Mommsenue
1175 1007 1245 1052 eam
1268 1007 1342 1073 prae
1364 991 1465 1055 unius
1487 1009 1529 1054 ex
1548 992 1646 1056 trium
1669 991 1749 1076 legis
1773 993 1919 1058 Valeriae

536 1114 686 1178 Horatiae
719 1115 1015 1197 interpretationum
1048 1133 1183 1178 numero
1212 1115 1396 1178 auctoritate
1424 1114 1635 1199 spernendam
1663 1133 1733 1181 esse
1761 1115 1821 1180 sibi
1848 1135 1918 1200 per·

536 1239 674 1304 suaserit
697 1237 726 1318 (l.
746 1258 771 1300 o.
794 1237 837 1318 1²,
859 1259 888 1322 p.
914 1239 986 1318 592,
1009 1237 1080 1301 adn.
1107 1239 1146 1317 1).

625 1363 905 1446 Interpretationes
925 1363 1011 1426 enim
1029 1361 1109 1445 logis
1128 1360 1275 1426 Valeriae
1293 1361 1444 1428 Horatiae
1462 1365 1613 1428 novimus
1631 1371 1705 1446 nea,
1729 1383 1809 1448 quas
1833 1383 1919 1428 eom·

537 1492 690 1552 memorat
712 1485 779 1552 Liv.
805 1488 835 1568 3,
855 1487 905 1563 55,
925 1484 1032 1548 6-12
1056 1489 1085 1548 et
1106 1506 1176 1548 mem
1193 1485 1313 1564 plebem
1331 1486 1404 1550 1555
1416 1487 1637 1566 provocatimee
1654 1487 1727 1552 bine
1751 1488 1918 1552 tribunicio

536 1610 657 1676 amaillo
680 1611 759 1675 satis
782 1611 970 1692 firmassent,
994 1609 1092 1690 ipsis
1114 1629 1260 1690 quoqne
1282 1609 1465 1688 tribunis,
1493 1615 1534 1674 nt
1554 1615 1795 1677 sacrosancti
1817 1613 1916 1676 niele·

535 1739 681 1812 rantnr,
705 1734 796 1798 meires
818 1734 865 1797 rei
881 1753 983 1816 prope
1005 1734 1071 1796 iam
1094 1735 1245 1798 55555555
1267 1733 1445 1812 aboleverat,
1469 1733 1607 1800 relatis
1630 1736 1852 1816 quibasdam
1875 1759 1918 1800 55

535 1879 666 1943 555955
689 1856 893 1924 intervallo
916 1858 1164 1923 caerimoniis
1186 1862 1436 1936 renovarunt·
1459 1863 1488 1922 et
1510 1880 1580 1924 555
1602 1859 1790 1942 reliyione
1818 1861 1916 1924 invio

535 1985 614 2052 latos
637 2005 685 2049 eos
704 1987 769 2048 tam
787 1982 864 2064 1595
881 1983 980 2082 ⁸etiam
1001 1983 1143 2064 fecerant
1159 1983 1336 2060 saneiemla
1360 1987 1403 2060 nt,
1421 1983 1477 2063 qni
1495 1984 1631 2050 tribunis
1643 1984 1746 2064 plebis
1764 1984 1917 2048 aedilibus

533 2109 691 2176 indieibns
708 2107 888 2172 (1555555515
906 2107 1069 2184 55551555,
1088 2108 1156 2171 eins
1174 2112 1270 2188 capiet
1283 2108 1351 2172 Iovi
1368 2128 1496 2172 sarram
1514 2111 1597 2185 esset,
1612 2108 1739 2189 familia
1754 2109 1798 2172 ad
1811 2109 1917 2173 aedem

536 2234 657 2302 Cereris
672 2231 779 2296 Laberi
793 2229 984 2312 liberaeque
997 2252 1108 2296 omrem
1122 2231 1189 2295 iret.
1209 2231 1268 2296 bae
1285 2230 1362 2313 1595
1380 2232 1462 2297 iaris
1480 2232 1663 2314 interpretes
1681 2235 1796 2315 erepant
1812 2253 1916 2314 95555-

533 2379 628 2442 95555
642 2359 876 2423 sacrosanctam
891 2375 962 2432 esse,
977 2355 1032 2420 sed
1045 2376 1122 2433 aaa,
1136 2356 1192 2436 qni
1205 2375 1311 2420 emtam
1325 2357 1472 2438 etr-iptmm
1485 2357 1632 2434 nomerit
1650 2377 1778 2422 sacrum
1785 2359 1915 2422 sanciri.

532 2487 638 2566 ltaque
661 2480 791 2546 aedilem
807 2478 926 2560 presidi
944 2478 1076 2559 dnaiqae
1094 2500 1115 2543 5
1133 2479 1306 2544 maioribus
1324 2480 1571 2562 mapistratibns,
1589 2480 1672 2561 qma
1689 2481 1747 2546 etsi
1763 2503 1828 2546 non
1845 2483 1915 2548 iare

532 2609 592 2689 fiat
615 2644 656 2654 -
679 2605 784 2670 noceri
806 2604 889 2668 enim
911 2603 948 2679 ei,
972 2604 1024 2666 551
1046 2603 1105 2668 bae
1128 2603 1190 2685 1595
1212 2623 1276 2668 non
1298 2603 1390 2668 liceat
1409 2641 1462 2682 —,
1486 2609 1590 2668 tonren
1612 2610 1829 2687 arpnmentnm
1851 2628 1916 2672 esse

532 2752 596 2798 555
617 2730 724 2795 baberi
740 2749 804 2810 pro
826 2725 1121 2812 saerosaneto[qne]
1144 2726 1291 2792 aedilem:
1321 2726 1494 2794 tribanos
1521 2732 1642 2793 vetare
1664 2729 1915 2796 iureiurando

526 2855 772 2937 9155155555
797 2853 962 2934 primam
989 2872 1066 2916 eam
1086 2856 1313 2931 potestatem
1342 2851 1498 2930 creavit,
1531 2857 1797 2919 sacrosanctos
1828 2875 1913 2920 esse.

533 2981 622 3061 fuere
654 2979 710 3060 qni
741 2979 1023 3058 interpretarentur
1053 2976 1159 3040 eodan
1185 2975 1244 3040 bae
1270 2975 1409 3040 Horatia
1442 2974 1504 3058 1595
1530 2976 1748 3042 oonsulibus
1774 2999 1915 3060 qnoque

533 3110 568 3170 et
582 3101 844 3186 praetoribus,
868 3101 945 3181 9515
964 3101 1077 3166 eisdem
1095 3101 1248 3182 auspiciis
1267 3100 1379 3182 quibas
1397 3098 1537 3165 55555155
1554 3106 1743 3179 5555555555,
1766 3107 1914 3168 centnm

531 3227 781 3293 555551551555
804 3225 886 3289 enim
914 3224 1069 3290 55555155
1095 3225 1268 3306 appellari;
1296 3246 1377 3306 9555
1402 3223 1556 3305 refellitur
1578 3226 1803 3307 interpretatio,
1832 3229 1915 3308 9551

531 3353 574 3418 lis
597 3349 783 3432 temporibus
805 3349 945 3414 nondam
963 3349 1117 3415 55555155
1135 3350 1270 3432 indicem
1287 3349 1342 3415 sed
1355 3353 1531 3430 praetorem
1549 3348 1706 3430 appellari
1723 3372 1789 3416 5555
1806 3351 1911 3434 faerit.

530 3478 655 3542 Harum
678 3477 977 3561 interpretationum
1000 3494 1052 3556 ea,
1085 3476 1138 3539 cui
1171 3475 1252 3538 duae
1283 3475 1362 3537 aliae
1385 3475 1547 3557 oppositae
1577 3483 1666 3554 sunt,
1693 3475 1762 3558 1595
1786 3476 1912 3540 Valeria

530 3602 661 3666 Horatia
684 3620 750 3666 non
774 3600 878 3664 solum
903 3599 1065 3680 tribunos,
1088 3599 1144 3663 sed
1167 3600 1262 3662 etiam
1286 3597 1401 3662 aediles
1425 3603 1457 3662 et
1478 3597 1600 3661 iudices
1624 3598 1820 3664 decemviros
1844 3603 1911 3684 (qni

529 3733 638 3810 postea
662 3725 831 3790 decemviri
855 3724 967 3788 litibus
990 3723 1169 3787 iudicandis
1193 3722 1340 3806 appellati
1363 3725 1451 3800 sunt)
1480 3727 1698 3786 sacrosanctos
1726 3721 1826 3788 firisse
1850 3732 1911 3788 sta·
2042 3731 2045 3738 '

530 3853 600 3917 tuit.
645 3849 726 3914 Eam
749 3848 847 3932 vulgo
870 3867 926 3931 pro
949 3865 1025 3910 vera
1047 3845 1187 3909 habitam
1211 3863 1280 3909 5555
1304 3865 1346 3909 ex
1368 3848 1438 3928 ipsa
1461 3845 1598 3909 duarum
1627 3846 1762 3911 aliarum
1786 3851 1911 3932 opposi-

529 3975 615 4039 tione
640 3974 797 4056 sequitur,
819 3989 955 4054 eamque
978 3969 1140 4054 probatam
1160 3988 1231 4033 5555
1250 3968 1300 4032 vel
1319 3988 1338 4031 a
1356 3967 1397 4032 Μ.
1408 3967 1521 4032 Porcio
1541 3969 1658 4034 Catone
1677 3988 1718 4033 ex
1738 3971 1910 4038 Van-ianae

530 4097 725 4162 definitionis
748 4096 932 4160 testimonio
957 4093 1073 4176 elucet,
1096 4113 1294 4179 quamquam
1317 4112 1382 4157 non
1406 4094 1473 4157 sola
1497 4093 1552 4157 illa
1574 4093 1653 4178 legis
1677 4093 1822 4160 Valeriae
1843 4097 1911 4161 Ho-

530 4223 627 4286 ratiae
660 4220 918 4304 interpretatione
942 4219 1091 4284 Catonem
1127 4218 1433 4302 argumentationem
1467 4238 1558 4282 suam
1590 4218 1720 4284 fulsisse
1752 4221 1910 4305 probabile

529 4353 585 4410 est.
632 4343 723 4408 Duae
747 4343 825 4408 aliae
848 4345 1122 4427 interpretationes
1145 4363 1210 4406 nou
1234 4342 1340 4406 solum
1366 4343 1512 4428 vulgatae
1542 4345 1792 4429 interpretationi
1815 4366 1910 4430 oppo-

528 4471 607 4534 sitae
636 4473 724 4550 sunt,
748 4467 804 4532 sed
827 4469 922 4532 etiam
955 4469 1038 4531 inter
1065 4486 1100 4531 se
1124 4473 1321 4552 comparatae
1349 4469 1382 4530 iu
1405 4487 1534 4552 prorsus
1559 4469 1701 4534 diversas
1725 4477 1830 4554 partes
1854 4469 1907 4532 ab·

528 4598 620 4672 eunt;
644 4592 742 4657 altera
765 4594 849 4656 enim
874 4611 979 4676 neque
1002 4592 1149 4656 tribunos
1171 4611 1276 4675 neque
1300 4591 1416 4656 aediles
1441 4611 1477 4656 ea
1499 4592 1569 4677 1595
1593 4601 1806 4659 sacrosanctos
1831 4611 1909 4673 esse,

527 4717 625 4781 altera
637 4721 762 4804 praeter
775 4719 979 4800 magistratus
999 4717 1138 4801 plebeios
1158 4718 1252 4782 etiam
1272 4717 1419 4782 eonsules
1438 4722 1469 4782 et
1486 4724 1646 4801 praetores
1664 4737 1701 4781 ea
1718 4717 1787 4801 lege
1807 4735 1908 4780 saero-

528 4847 653 4905 sanetos
672 4860 742 4905 esse
766 4861 807 4906 ex
829 4841 934 4905 verbis
952 4842 1032 4926 legis
1056 4841 1271 4906 demonstrare
1294 4842 1408 4905 studet
1436 4843 1485 4904 Aa
1508 4842 1663 4924 posterior
1686 4840 1815 4923 quidem
1839 4840 1908 4903 sine
