4674 6112
994 827 1153 836 ..-.-
1209 792 1259 865 42
1315 828 1474 835 -..,-

540 1001 627 1085 leges
661 1005 800 1066 sacratas
833 1001 952 1065 multae
985 1001 1064 1066 aliae
1096 1002 1183 1086 leges
1216 1002 1424 1069 obtestatione
1457 1009 1489 1068 et
1520 1005 1757 1068 consecratione
1790 1009 1928 1068 sacratae

541 1131 643 1207 erant,
675 1144 736 1190 nec
767 1125 907 1208 profecto
935 1125 1100 1190 loederum
1132 1145 1197 1190 non
1230 1131 1520 1210 sacrosanctorum,
1551 1133 1691 1192 attamen
1722 1128 1927 1192 iureiurando

540 1249 814 1332 confirmatorum,
836 1249 923 1333 leges
947 1251 1107 1313 nominari
1128 1254 1275 1333 poterant
1298 1256 1446 1316 sacratae.

629 1371 888 1437 Mommsenus
913 1378 1020 1438 autem
1044 1373 1074 1454 (l.
1098 1393 1124 1437 o.
1148 1393 1177 1457 p.
1202 1375 1278 1454 277,
1300 1374 1382 1456 adn.)
1406 1391 1510 1440 meam
1535 1376 1726 1440 sententiam
1750 1375 1809 1439 boc
1833 1395 1927 1459 srgu-

542 1501 649 1560 mento
672 1495 834 1560 infirmare
858 1497 974 1578 studet,
996 1503 1034 1560 ut
1057 1497 1139 1561 dicat
1161 1497 1332 1580 Romanos
1356 1518 1421 1582 qus
1443 1498 1580 1564 luissent
1597 1499 1732 1564 sanitate
1756 1501 1872 1564 mentis
1897 1505 1928 1564 et

539 1621 619 1684 iuris
651 1621 776 1704 peritia,
813 1641 992 1704 numquam
1015 1620 1141 1704 plebem
1175 1641 1250 1686 cunr
1284 1620 1416 1686 Gabinis
1444 1622 1639 1687 confundere
1671 1623 1829 1706 potuisse,
1862 1641 1926 1706 quo

540 1743 625 1808 dicto
647 1747 776 1828 negavit
798 1745 953 1808 nimirum
978 1763 1019 1809 ex
1041 1746 1121 1810 iuris
1145 1746 1265 1830 publici
1282 1747 1405 1810 rabone
1424 1747 1557 1810 omnino
1580 1745 1693 1811 foedus
1717 1748 1800 1811 inter
1822 1751 1927 1830 patros

539 1873 572 1932 et
593 1866 719 1952 plebem
737 1869 778 1932 ici
796 1871 949 1953 potuisse.
987 1869 1051 1934 Sed
1068 1889 1189 1952 vereor,
1214 1888 1253 1934 ne
1276 1870 1336 1934 hsc
1357 1871 1392 1934 in
1415 1888 1450 1934 re
1467 1871 1549 1934 iuris
1567 1869 1689 1954 publici
1707 1869 1927 1938 Romanorum

539 1992 670 2076 peritior
693 1991 751 2056 sibi
775 1993 866 2058 visus
890 1995 942 2076 sit,
965 2014 1063 2077 quam
1086 1995 1148 2077 ipsi
1171 1994 1252 2057 iuris
1276 1993 1414 2058 consulti
1437 1993 1574 2058 Romani
1596 1993 1735 2059 suerunt.
1772 1992 1818 2058 Hi
1841 1995 1925 2057 enim

432 2091 458 2146 ’Δ
539 2116 789 2199 haudquaquam
813 2117 1015 2182 offenderunt
1037 2119 1072 2180 in
1099 2116 1226 2182 foedere
1249 2116 1367 2182 Sabino
1391 2118 1472 2198 (adn.
1502 2119 1567 2200 92),
1590 2119 1677 2202 quod
1700 2120 1784 2182 inter
1805 2115 1927 2181 Romu-

538 2239 608 2304 lum
632 2245 663 2304 et
684 2239 790 2304 Titum
814 2240 940 2305 Tatium
964 2260 1002 2306 eo
1027 2241 1158 2306 consilio
1181 2243 1280 2306 ictum
1305 2260 1376 2306 esse
1399 2241 1593 2322 tradebatur,
1615 2249 1652 2306 ut
1671 2242 1735 2306 duc
1759 2241 1869 2326 populi
1892 2242 1925 2304 in

541 2383 638 2428 unam
667 2363 827 2428 civitatem
857 2367 1138 2446 convenirent¹¹⁶t¹
1189 2365 1300 2430 Sabini
1327 2371 1436 2430 autem
1468 2365 1604 2431 foederis
1637 2365 1783 2448 analogia
1813 2363 1926 2428 foedus

537 2487 620 2552 inter
642 2492 749 2571 patres
772 2493 803 2552 et
825 2488 951 2571 plebem
973 2490 1075 2554 ictum
1103 2491 1222 2574 optimo
1249 2491 1321 2554 iure
1350 2490 1476 2554 defendi
1503 2496 1620 2574 potest,
1650 2490 1801 2572 quonism
1830 2489 1925 2553 edam

537 2609 644 2694 plebs,
672 2629 755 2694 quse
779 2612 813 2674 in
836 2617 980 2676 montem
1005 2632 1131 2676 sacrum
1155 2620 1343 2694 secesserat,
1371 2633 1436 2677 non
1458 2615 1522 2676 iam
1546 2633 1619 2696 pars
1643 2619 1709 2678 erat
1732 2613 1842 2696 populi
1864 2611 1926 2676 Ro-

538 2735 634 2815 mani,
658 2733 714 2798 sed
736 2753 869 2818 prorsus
892 2735 974 2799 liber
995 2737 1145 2820 populus,
1169 2738 1225 2820 qui
1248 2756 1365 2801 novam
1385 2737 1496 2800 urbem
1518 2738 1555 2800 in
1573 2743 1681 2802 monte
1705 2754 1794 2802 sacro
1818 2735 1926 2799 eondi-

539 2863 634 2920 turus
658 2863 726 2922 erat
747 2857 942 2941 initiumque
965 2879 1068 2924 novae
1091 2859 1284 2944 reipublicae
1313 2860 1556 2926 constituendae
1583 2863 1697 2929 creatis
1721 2860 1848 2924 duobus
1872 2861 1926 2922 tri·

540 2978 636 3044 bunis
664 2981 728 3042 iam
755 2979 872 3045 iecerat
907 3000 1013 3066 neque
1045 3005 1063 3047 a
1096 2983 1178 3048 bello
1211 3005 1287 3048 oum
1314 2984 1468 3049 Romanis
1496 2985 1634 3069 gerendo
1667 2983 1925 3062 obhorrebstssl).

539 3101 573 3167 Si
595 3108 704 3168 autem
728 3123 842 3169 verum
867 3112 924 3188 est,
948 3107 1033 3190 quod
1053 3107 1161 3173 Cicero
1183 3109 1218 3171 in
1238 3107 1427 3174 Corneliana
1450 3109 1631 3188 dinitiadn.
1653 3109 1737 3190 115),
1754 3108 1927 3172 resiluisse

538 3297 750 3308 —n—*n-——n—

629 3421 690 3491 116)
708 3420 780 3476 Fest.
804 3439 826 3476 s.
849 3440 876 3477 v.
896 3421 1016 3489 Quirites
1039 3441 1064 3492 p.
1089 3425 1142 3480 ‘264
1165 3425 1288 3494 Quirites
1311 3430 1404 3479 auum
1425 3425 1494 3479 dicti
1511 3431 1577 3492 post
1598 3425 1698 3492 foedus
1720 3444 1740 3479 a
1762 3425 1881 3480 Romulo
1900 3430 1927 3478 et

540 3511 621 3566 Tatio
641 3526 805 3578 percussum
832 3513 1099 3566 communionem
1122 3519 1153 3568 st
1171 3515 1367 3568 societatem
1380 3513 1504 3582 popuii
1520 3514 1648 3581 foetam
1664 3514 1831 3569 iudicout.
1869 3513 1924 3569 Cic.

537 3601 571 3654 de
588 3615 644 3668 rep.
657 3597 683 3668 2,
698 3601 723 3668 7,
740 3600 774 3654 13
793 3614 855 3654 cum
873 3599 902 3654 Τ.
921 3600 1002 3654 Tatio
1020 3617 1083 3669 repe
1098 3601 1268 3656 Sabinorum
1285 3601 1385 3668 foedus
1402 3603 1517 3671 icit...,
1535 3619 1590 3672 quo
1608 3603 1761 3670 foedasset
1780 3603 1925 3656 Sabinos

538 3689 573 3741 iu
592 3688 765 3743 civitatem
783 3687 933 3742 adscivit
950 3690 1061 3743 sacris
1079 3692 1337 3745 communicatis
1360 3698 1387 3746 ct
1408 3707 1524 3761 repuum
1548 3708 1631 3746 suum
1654 3707 1716 3745 cum
1733 3691 1845 3744 illorum
1862 3707 1925 3760 repe

537 3776 658 3832 sesicut.
695 3793 743 3845 pro
762 3775 838 3833 Balb.
860 3777 901 3845 13,
921 3777 952 3831 31
978 3777 1116 3832 Itouaulus
1138 3778 1247 3845 foedere
1272 3780 1377 3833 Sabino
1396 3780 1491 3835 docuit
1512 3780 1595 3834 ctabm
1617 3779 1742 3835 hostibus
1758 3779 1925 3847 recipiendis

537 3864 658 3933 superi
674 3865 762 3919 hauc
781 3865 952 3920 civitatem
970 3873 1101 3933 oisortcre.
1139 3867 1198 3921 Liv.
1216 3869 1293 3937 1,13,
1306 3869 1324 3920 4
1338 3868 1404 3922 iudo
1421 3869 1460 3922 ad
1481 3869 1581 3936 foedus
1603 3867 1765 3936 [mudum
1782 3867 1926 3936 prodeunt

537 3969 587 4007 uec
605 3969 703 4020 pacem
725 3953 804 4007 modo
827 3953 875 4007 scd
898 3953 1070 4007 ciuitatem
1094 3972 1194 4008 uuum
1223 3971 1261 4009 sc
1284 3955 1416 4010 duabus
1438 3957 1591 4026 (sciunt,
1617 3974 1734 4027 repausa
1756 3957 1924 4012 consociant.

536 4041 612 4095 Idem
625 4040 751 4109 pluribus
765 4041 856 4096 verbis
870 4045 962 4096 narrat
976 4041 1055 4097 Dion.
1071 4042 1096 4110 2,
1111 4043 1154 4112 46,
1169 4059 1204 4098 ex
1222 4045 1322 4113 quibus
1337 4044 1363 4097 h.
1378 4045 1395 4100 l.
1415 4046 1552 4102 afferenda
1570 4049 1635 4100 sunt
1652 4047 1719 4102 haec
1737 4047 1925 4115 potissimum:

537 4127 690 4180 πολιτεύου
713 4131 740 4180 di
762 4129 826 4187 τούς
849 4131 1026 4193 βουλομένους
1044 4132 1168 4196 Σαβίνων
1187 4131 1214 4182 is
1228 4131 1313 4202 Ῥώμῃ
1332 4132 1392 4204 ίοροί
1409 4153 1438 4185 το
1458 4137 1696 4198 συνενεγκαμένους
1715 4136 1759 4185 καί
1785 4133 1822 4194 είς
1840 4135 1924 4194 φυλὰς

537 4217 582 4267 καί
605 4215 724 4288 φράτρας
747 4217 992 4289 ἐπιδιαιροθίντας.
1037 4219 1106 4274 Plut
1126 4220 1202 4276 Rom.
1222 4221 1261 4276 ’19
1285 4219 1367 4273 cissis
1390 4224 1418 4274 di
1441 4229 1518 4292 κοινῇ
1538 4225 1588 4290 τὴν
1611 4223 1691 4275 πόλιν
1708 4222 1856 4284 Ῥωμαίους
1879 4225 1923 4275 καί

535 4305 682 4372 Σαβίνους·
702 4309 747 4358 καί
767 4309 913 4358 καλεῖσθαι
930 4309 978 4368 μίν
992 4305 1093 4376 Ῥώμην
1113 4308 1156 4361 ἐπὶ
1171 4307 1291 4376 Ῥωμύλῳ
1310 4310 1359 4378 τὴν
1378 4312 1465 4376 πόλιν,
1484 4312 1606 4383 Κυρίτας
1624 4314 1652 4363 di
1667 4310 1812 4374 Ῥωμαίους
1834 4311 1924 4365 ἅπαν-

535 4413 585 4453 τας
604 4393 648 4445 tut
665 4395 700 4464 τῇ
718 4400 767 4447 τοῦ
787 4396 891 4448 Τατίου
910 4397 1029 4467 πατρίδι.

627 4502 688 4571 117)
707 4501 786 4556 Dion.
806 4503 831 4570 6,
845 4503 880 4556 45
902 4500 963 4568 ἡμῖν
980 4501 1117 4574 stipatum
1135 4507 1212 4556 ποῖοα
1227 4509 1267 4572 γῆ,
1287 4504 1314 4556 ἐν
1333 4497 1349 4574 ᾗ
1368 4505 1402 4558 ἂν
1420 4509 1451 4558 τὸ
1471 4507 1615 4579 ίίουθνοον
1633 4510 1740 4573 ἔχυμνν,
1759 4507 1844 4561 ὁποία
1863 4509 1925 4563 ποτ’

498 4612 503 4620 ·
536 4587 570 4642 civ
589 4579 614 4659 ᾖ,
634 4587 797 4652 νομίζεσθαι
810 4591 917 4662 πατρίς.
941 4591 979 4647 Cf.
995 4595 1020 4662 6,
1035 4594 1069 4648 66
1084 4593 1111 4644 ἐν
1124 4595 1152 4645 di
1171 4600 1206 4660 τῷ
1221 4593 1337 4665 παρόντι
1356 4593 1406 4659 οὐχ
1426 4594 1491 4668 ὑπὲρ
1510 4597 1600 4668 &alpos
1618 4596 1691 4657 τινὰς
1710 4596 1859 4666 ἣποίίμου
1878 4602 1923 4651 καί

536 4677 641 4750 εἰρήνης
667 4678 866 4744 βουλευόμεθα.
911 4679 985 4736 Haec
1017 4685 1045 4735 et
1075 4681 1188 4750 similia,
1223 4699 1292 4752 quae
1324 4683 1354 4737 in
1382 4687 1549 4741 orationibus
1581 4687 1708 4756 Dionysii
1736 4687 1922 4756 inveniuntur,

536 4767 644 4823 etiamsi
663 4784 679 4822 a
694 4768 891 4824 vetustioribus
905 4769 1043 4824 annalium
1059 4771 1238 4840 scriptoribus
1253 4774 1353 4828 tradita
1368 4791 1421 4829 non
1436 4775 1500 4842 siut,
1520 4777 1673 4831 condicioni
1688 4779 1778 4832 umen
1793 4776 1880 4846 plebis
1894 4779 1922 4831 in

536 4871 612 4910 sacro
631 4859 724 4910 monte
743 4857 935 4912 commorantis
954 4860 1145 4914 convenienter
1162 4861 1316 4916 dictasunt.
