4674 6112
495 2147 547 2243 Et
571 2183 803 2242 sacrosanctam
827 2182 859 2242 et
881 2177 1055 2260 legitimam
1083 2179 1272 2259 potestatem
1300 2173 1501 2238 tribuniciam
1529 2173 1652 2239 foedere
1680 2193 1781 2240 seces·

403 2303 501 2366 sionis
534 2308 675 2386 tempere
706 2303 740 2364 in
773 2305 881 2364 monte
909 2319 998 2365 sacro
1025 2300 1108 2363 inter
1135 2303 1240 2382 patres
1269 2304 1300 2362 et
1326 2297 1449 2383 plebem
1478 2300 1540 2362 icto
1568 2299 1681 2363 factam
1711 2321 1781 2398 esse

402 2427 464 2490 iam
492 2427 526 2489 in
554 2427 656 2509 prima
682 2425 910 2508 antiquitatum
938 2423 1153 2487 Romanarum
1182 2423 1356 2487 voluminis
1379 2423 1473 2506 primi
1502 2422 1639 2488 editione
1661 2444 1690 2508 p.
1715 2426 1779 2488 437

402 2549 504 2629 dixi1)
529 2567 665 2632 eamque
688 2549 878 2612 sententiam
902 2548 997 2612 etiam
1020 2552 1129 2630 postea
1157 2566 1281 2631 semper
1309 2545 1475 2625 delend12).
1523 2545 1780 2612 Mommsenus

400 2677 509 2736 contra
530 2671 606 2736 inde
629 2671 668 2735 ab
692 2672 870 2735 secessione
893 2673 968 2734 anni
992 2670 1056 2734 260
1079 2690 1111 2734 u.
1135 2691 1161 2734 c.
1184 2689 1291 2754 usque
1314 2671 1353 2734 ad
1376 2671 1477 2754 legem
1497 2669 1656 2736 Valeriam
1679 2672 1781 2737 Hera·

401 2797 477 2860 tiam
501 2797 577 2860 anni
601 2795 665 2860 305
686 2816 716 2859 u.
735 2815 762 2858 c.
782 2795 956 2880 legitimam
974 2795 1074 2859 fuisse
1092 2800 1280 2879 potestatem
1302 2795 1390 2858 illam
1408 2797 1537 2879 negavit
1555 2814 1690 2880 eamque
1712 2797 1781 2881 lege

400 2921 529 2985 demum
539 2920 667 2986 Valeria
680 2919 813 2983 Horatia
827 2919 998 3000 legitimam
1012 2919 1126 2983 factam
1146 2925 1235 2984 ratus
1253 2938 1317 2982 non
1337 2920 1510 3003 legitimam
1529 2921 1599 2984 eius
1617 2924 1781 3004 potestatis

399 3051 473 3110 ante
500 3046 602 3129 legem
630 3017 791 3108 Valeriam
818 3043 981 3108 Henetiam
1010 3049 1169 3126 naturam,
1201 3045 1295 3108 cuius
1322 3045 1456 3128 vestigia
1489 3045 1582 3108 etiam
1611 3051 1683 3128 post
1710 3065 1780 3110 eam

400 3170 502 3253 legem
527 3171 769 3250 remansissent,
803 3175 1018 3232 sacrosanctae
1048 3169 1213 3251 potestatis
1246 3168 1455 3252 appellatione
1489 3169 1720 3233 dissimulatam
1749 3176 1781 3235 et

401 3292 602 3356 obscuratam
626 3311 695 3356 esse
718 3291 899 3370 affirmans
924 3297 1161 3356 sacrosanctum
1180 3294 1265 3356 enim
1287 3291 1388 3356 fuisse
1408 3290 1606 3355 tribunatum
1630 3313 1694 3357 non
1716 3295 1780 3359 foe-

402 3416 483 3499 dere,
507 3417 562 3481 sed
579 3416 785 3481 iureiurando
804 3435 852 3498 eo,
875 3435 939 3500 quo
958 3415 1048 3500 plebs
1066 3417 1216 3481 seditiosa
1234 3418 1269 3480 in
1287 3421 1394 3480 monte
1414 3435 1502 3479 sacro
1522 3416 1560 3479 ad
1578 3417 1779 3483 ulciscendos

400 3558 464 3621 eos,
487 3541 544 3623 qui
567 3540 714 3605 tribunos
738 3559 814 3604 sues
842 3544 950 3604 essent
971 3538 1136 3620 violaturi,
1163 3542 1405 3622 commovisset,
1433 3546 1464 3604 et
1489 3546 1640 3604 renovato
1669 3541 1779 3606 eodem

400 3664 619 3746 iureiurando,
656 3669 828 3748 antequam
860 3664 912 3728 lex
944 3662 1072 3728 Valeria
1103 3663 1235 3728 Horatia
1266 3664 1415 3748 ferretur,
1446 3683 1530 3727 anno
1561 3664 1624 3726 305
1653 3685 1684 3728 u.
1713 3668 1779 3743 c.³).
1867 3683 1868 3688 ¹

398 3787 616 3872 Herzogius
640 3789 777 3873 denique
795 3789 830 3852 in
849 3789 1124 3868 commentatione,
1147 3807 1229 3871 quae
1247 3790 1399 3872 inscripta
1422 3794 1484 3852 est:
1508 3788 1559 3852 die
1581 3787 1630 3852 lec
1651 3795 1781 3854 sacrato

399 3911 466 3976 uad
488 3912 547 3977 des
565 3916 808 3990 sacrosanctum,
829 3919 861 3976 et
878 3913 1052 3997 legitimam
1071 3917 1103 3976 et
1121 3919 1353 3976 sacrosanctam
1371 3917 1558 3996 potestatem
1577 3913 1778 3976 tribuniciam

400 4037 504 4099 statim
528 4037 567 4100 ab
590 4038 680 4101 initio
707 4036 807 4101 luisse
834 4056 962 4101 mecum
991 4037 1193 4101 consentiens
1217 4043 1326 4101 contra
1347 4035 1622 4101 Mommsenum
1650 4045 1779 4102 conten-

398 4160 453 4241 dit,
475 4161 590 4224 lactam
614 4167 721 4225 autem
745 4179 815 4225 esse
843 4161 1017 4244 legitimam
1045 4166 1076 4224 et
1104 4167 1335 4226 sacrosanctam
1362 4180 1427 4224 non
1460 4161 1597 4243 loedere,
1628 4163 1684 4226 sed
1711 4162 1780 4245 lege

399 4289 520 4348 saerata
542 4285 577 4348 in
600 4286 737 4350 comitiis
757 4285 941 4348 centuriatis
960 4285 1033 4365 lata,
1055 4286 1149 4348 cuius
1172 4285 1393 4349 necessitatem
1414 4288 1551 4350 secessio
1570 4292 1601 4351 et
1619 4287 1780 4350 iusiuran-

490 4549 515 4618 1)
534 4547 654 4603 Eandem
670 4548 831 4602 sententiam
846 4547 939 4603 eodem
954 4563 1023 4602 anno
1034 4547 1125 4618 (1856)
1140 4547 1534 4620 proposuitSchwaglerus,
1549 4549 1625 4604 Rem.
1637 4550 1732 4604 Gesch.
1743 4549 1779 4619 ll,

397 4656 421 4707 p.
441 4637 607 4795 2492)Ἒηι.
628 4725 681 4779 alt.
701 4723 735 4793 1⁸,
755 4743 779 4794 p.
799 4725 849 4779 591
871 4741 924 4794 sq,
944 4727 976 4779 cl.
996 4725 1032 4780 ib.
1052 4743 1077 4794 p.
1096 4727 1156 4780 637.
1176 4725 1225 4793 11³,
1244 4743 1269 4794 p.
1289 4726 1348 4780 566.

487 4816 514 4884 3)
533 4814 610 4868 eom.
629 4813 739 4868 Forseh.
759 4813 812 4870 vol.
831 4814 853 4868 Ι.
873 4813 990 4869 Berolin.
1011 4813 1087 4867 1864.
1107 4832 1132 4882 p.
1153 4815 1213 4867 179.
1242 4813 1353 4870 Staater.
1372 4814 1421 4884 11⁸,
1441 4833 1466 4884 p.
1486 4815 1539 4870 262
1558 4833 1625 4885 sqq,
1644 4816 1779 4884 imprimis

397 4921 421 4972 p.
442 4904 501 4959 276.
521 4921 545 4973 p.
566 4903 626 4970 277,
645 4904 705 4957 adn.
727 4905 750 4956 l.
769 4921 794 4972 p.
814 4903 867 4958 290
886 4919 925 4972 sq.
963 4902 1001 4957 Cf.
1021 4903 1103 4956 etiam
1121 4902 1170 4972 11²,
1190 4921 1215 4972 p.
1235 4903 1296 4973 261,
1314 4905 1374 4959 adn.
1396 4907 1420 4959 1.
1439 4921 1465 4973 p.
1485 4904 1545 4970 267,
1565 4905 1626 4960 adn.
1646 4905 1670 4960 2.

1531 4993 1567 5045 1*
