4674 6112
645 987 832 1073 Bipertitam
861 989 1013 1052 orationis
1041 987 1176 1052 termam
1209 989 1374 1052 restituere
1407 989 1512 1052 conati
1544 993 1622 1051 sunt
1644 987 1862 1072 Madvigius
1894 991 1942 1069 (in

554 1113 721 1198 opusculis
759 1113 843 1176 acad.
876 1112 928 1175 alt.
959 1112 1054 1175 1842.
1084 1133 1113 1196 p.
1144 1114 1184 1174 32
1209 1114 1306 1195 sqq.),
1343 1118 1375 1176 et
1411 1111 1672 1196 Nipperdaius
1704 1113 1750 1192 (in
1783 1111 1941 1194 Philologi

556 1237 618 1301 vol.
646 1237 707 1300 III.
738 1237 832 1300 1848.
860 1256 889 1319 p.
915 1237 999 1316 1111.
1056 1235 1117 1300 Sed
1151 1236 1292 1300 diversas
1323 1237 1393 1300 vias
1424 1237 1579 1316 inierunt,
1613 1255 1687 1298 oum
1720 1233 1942 1318 Madvigius

556 1366 678 1424 mutato
702 1360 844 1424 secundo
863 1363 920 1423 aut
936 1361 971 1423 in
990 1364 1089 1440 61166,
1108 1361 1216 1423 eiectis
1235 1359 1342 1424 verbis
1360 1364 1388 1422 et
1406 1360 1642 1436 autumatione,
1661 1363 1783 1422 mutato
1803 1359 1941 1442 denique

550 1506 671 1565 poenae
693 1485 728 1547 in
746 1503 850 1564 poeaa
873 1483 1004 1547 scribat:
1028 1488 1086 1548 661
1104 1505 1214 1565 perere
1236 1484 1304 1564 t'pso
1327 1487 1420 1563 atpae
1437 1482 1634 1546 obtestatione
1656 1481 1732 1563 lepis
1754 1486 1941 1562 66116666,

554 1609 586 1672 Ν
591 1611 628 1692 11
635 1609 818 1693 perdeius
835 1613 952 1672 contra
975 1608 1076 1672 deleto
1099 1609 1201 1691 primo
1225 1611 1289 1684 aut,
1314 1609 1412 1671 eiecta
1435 1606 1590 1691 particula
1612 1610 1648 1683 61,
1672 1607 1862 1690 transposito
1885 1626 1942 1670 vo·

556 1732 670 1796 cabulo
694 1733 937 1809 mentatione,
961 1737 1083 1796 mutato
1107 1732 1245 1814 deniqne
1266 1750 1388 1811 poenae
1409 1733 1445 1793 in
1461 1751 1618 1810 personae
1639 1735 1807 1814 proponat:
1832 1751 1942 1811 166616

554 1857 625 1936 e'pao
648 1860 706 1920 661
726 1855 924 1919 obtestatione
946 1854 1021 1935 lepis
1043 1860 1101 1918 661
1128 1855 1358 1919 6661661611666
1380 1875 1543 1934 personae.
1594 1854 1657 1919 Sed
1688 1859 1801 1918 neutra
1834 1873 1942 1918 emen-

554 1980 651 2044 dandi
682 1980 761 2043 ratio
793 1979 920 2062 probari
951 1984 1067 2063 potest;
1101 1999 1176 2042 nam
1209 1999 1285 2042 cum
1318 1979 1380 2042 alia
1411 1981 1488 2042 satis
1519 1980 1630 2063 gravia
1657 1977 1844 2060 obstantll),
1871 1984 1941 2042 tum

553 2103 789 2187 Madvigius,
813 2105 870 2186 qui
888 2107 973 2166 recte
991 2101 1089 2166 verba
1104 2123 1214 2183 perere
1235 2103 1304 2183 ipso
1327 2103 1413 2166 nude
1436 2104 1540 2186 posita
1563 2103 1662 2166 ullam
1686 2107 1804 2166 certam
1827 2102 1942 2167 habore

554 2227 819 2311 significationem
842 2229 985 2310 negavit,
1009 2246 1092 2310 quae
1115 2228 1157 2290 sit
1183 2231 1268 2290 certa
1295 2227 1425 2290 illorum
1448 2227 1620 2291 verborum
1648 2246 1724 2290 cum
1746 2226 1943 2291 obtestatione

555 2352 711 2436 pardonis
738 2356 831 2432 61166
858 2353 1102 2414 coniunctorum
1131 2350 1335 2434 significatio,
1367 2371 1433 2415 non
1461 2351 1753 2433 demonstravitll),
1781 2351 1811 2414 N
1816 2353 1942 2436 11161-

556 2476 667 2539 deius
700 2481 824 2557 autam,
856 2476 912 2557 qui
945 2474 1041 2538 verba
1070 2495 1179 2556 petere
1210 2476 1280 2554 ipso
1306 2477 1350 2538 ita
1383 2495 1458 2538 cum
1485 2475 1592 2538 verbis
1624 2475 1735 2538 driade
1766 2475 1943 2539 sanetrbaes

552 2599 732 2662 sacrandae
740 2603 815 2662 saat
823 2600 1001 2682 coniungit,
1009 2603 1047 2662 ut
1058 2605 1228 2681 utramque
1242 2600 1444 2662 sanctionum
1455 2599 1680 2662 sacrandarum
1690 2600 1846 2661 rationem
1856 2617 1942 2662 com-

554 2721 742 2804 plectantur,
760 2723 856 2786 verba
873 2723 929 2786 illa
947 2722 1115 2786 artificiose
1133 2723 1178 2786 ita
1194 2723 1429 2806 interpretatur,
1449 2723 1540 2806 quasi
1556 2721 1663 2786 Cicero
1684 2723 1788 2785 dicere
1806 2721 1944 2784 voluerit

553 2846 636 2909 duas
661 2848 782 2929 species
804 2847 912 2930 legum
933 2851 1125 2910 sanctarum
1149 2865 1190 2910 ex
1213 2847 1283 2929 ipso
1302 2865 1417 2930 genere
1436 2847 1640 2910 sanctionum
1659 2851 1852 2909 sacratarum
1871 2865 1942 2929 pro-

554 2969 681 3052 (1116181,
709 2971 794 3054 quod
819 2970 972 3035 11116616
995 2971 1166 3051 voluisset,
1188 2975 1273 3033 certe
1300 2971 1418 3034 maiore
1445 2971 1670 3054 perspicuitate
1700 2970 1846 3032 dicturus
1872 2968 1942 3032 fuit.

646 3092 768 3169 Quodsi
782 3095 1049 3178 reputaverimus,
1063 3099 1198 3177 quantas
1215 3094 1397 3178 explicandi
1416 3094 1618 3158 difficultates
1632 3095 1710 3158 viris
1729 3093 1829 3156 doctis
1848 3093 1944 3156 verba

554 3221 616 3280 aut
635 3237 744 3298 perere
767 3219 842 3299 ipso,
866 3219 906 3282 ad
930 3237 1012 3301 quae
1036 3220 1093 3302 qui
1120 3219 1290 3302 genetivus
1319 3218 1519 3301 supplendus
1548 3219 1590 3282 sit
1611 3219 1863 3282 incertissimum
1886 3223 1944 3298 est,

557 3343 751 3424 pepererint,
778 3361 843 3405 non
872 3342 1102 3424 dubitabimus,
1135 3344 1214 3426 quin
1242 3343 1320 3414 haec
1343 3342 1441 3406 verba
1472 3347 1528 3406 aut
1558 3343 1629 3426 ipsa
1656 3347 1803 3424 corrupta
1831 3342 1944 3404 autin

555 3465 633 3528 falso
666 3465 735 3528 loeo
767 3466 916 3529 collocata
949 3468 1021 3530 sint.
1073 3465 1217 3542 Quorum
1251 3467 1333 3530 illud
1361 3467 1559 3530 reiciendum
1592 3467 1653 3530 hoc
1685 3464 1942 3549 amplectendum

552 3608 626 3652 esse
648 3589 777 3671 patebit,
800 3591 829 3653 si
852 3591 1052 3673 transpositis
1076 3590 1141 3653 illis
1164 3591 1270 3654 verbis
1293 3593 1328 3653 in
1351 3591 1459 3654 locum
1486 3590 1572 3653 tertii
1596 3593 1653 3652 aut
1674 3607 1786 3652 omnes
1811 3587 1944 3651 difficul-

557 3717 647 3792 tates,
672 3732 754 3795 qnae
778 3718 810 3776 et
831 3715 866 3776 in
890 3713 1005 3777 tradita
1026 3715 1163 3778 lectione
1187 3720 1218 3778 et
1240 3715 1275 3776 in
1298 3715 1440 3776 virorum
1465 3714 1631 3776 doctorum
1659 3712 1850 3775 coniecturis
1876 3731 1944 3774 mo-

558 3836 656 3900 lestae
679 3836 773 3899 nobis
796 3841 895 3918 erant,
917 3837 1064 3900 funditus
1089 3838 1156 3900 tolli
1179 3837 1348 3920 apparebit.
1395 3836 1522 3899 Etenim
1547 3837 1575 3900 si
1599 3836 1834 3919 scripserimus:

524 4009 528 4018 “
647 3993 692 4062 26)
711 3993 873 4062 Madvigii
896 3993 995 4047 rationi
1019 3993 1108 4047 obstat
1130 3993 1312 4061 inaequalitas
1335 3977 1531 4054 membrorum,
1559 3993 1746 4062 Nipperdai
1774 3994 1945 4048 coniecturae

555 4097 625 4134 usus
649 4081 758 4149 linguae
782 4081 894 4148 latinae,
914 4081 960 4134 oui
978 4081 1088 4150 capitis,
1108 4082 1248 4150 bonorum,
1267 4081 1384 4135 familiae
1403 4082 1587 4150 pecuniaeque
1606 4081 1773 4136 consecratio
1791 4085 1863 4150 nota,
1878 4098 1944 4150 per·

554 4184 642 4223 sonae
661 4172 827 4224 consecratio
846 4185 958 4239 prorsus
977 4169 1069 4238 ignota
1086 4173 1136 4224 est.

646 4258 690 4322 27)
710 4258 787 4324 Quod
806 4260 906 4312 vitium
928 4259 987 4326 ipso
1011 4258 1105 4312 tollere
1125 4259 1219 4313 studui
1238 4257 1314 4312 Rdm.
1334 4258 1388 4312 Alt.
1407 4258 1442 4326 1³,
1462 4276 1486 4326 p.
1506 4259 1567 4327 592,
1591 4259 1652 4314 adn.
1672 4260 1697 4326 3,
1717 4259 1766 4312 ubi
1783 4258 1945 4327 Madvigii

554 4347 739 4401 coniecturam
760 4345 874 4400 secutus
888 4362 987 4416 penore
1004 4347 1064 4414 ipso
1080 4348 1273 4416 interpretatus
1292 4363 1353 4401 sum
1372 4347 1434 4415 ipsa
1452 4347 1645 4401 iurisiurandi
1663 4348 1820 4400 sacratione
1839 4347 1945 4402 collatis

557 4436 648 4488 verbis
662 4435 733 4490 rest
749 4453 774 4504 p.
790 4437 843 4490 344
858 4441 1030 4488 sacramento
1046 4435 1151 4489 dicitur
1165 4435 1240 4503 qaod
1253 4435 1462 4506 [iurisiurandi
1479 4435 1652 4506 saerataJone
1669 4436 1835 4502 1616116616
1853 4441 1946 4488 aetum

557 4523 635 4594 [eatJ.
673 4524 744 4579 Fest.
764 4542 805 4592 ep.
825 4541 849 4593 1.
871 4525 922 4578 345
941 4531 1146 4579 sauromatum
1164 4524 1278 4591 11161161,
1297 4524 1372 4592 quod
1388 4525 1582 4578 iurisiurandi
1599 4525 1757 4577 sacratione
1780 4524 1945 4591 interposita

551 4613 672 4680 peritur.
710 4613 762 4667 Sed
780 4614 954 4668 artificiosam
973 4615 1043 4668 hanc
1062 4614 1259 4682 interpretandi
1274 4615 1406 4669 rationem
1425 4631 1498 4668 nunc
1517 4615 1629 4667 missam
1652 4613 1729 4666 facio.

648 4701 692 4770 28)
711 4702 803 4770 ipsius
822 4703 1004 4771 Nipperdei
1022 4702 1105 4756 verba
1119 4706 1196 4756 sunt:
1216 4703 1260 4756 die
1274 4703 1443 4771 Redeataap
1457 4701 1546 4756 dieser
1561 4701 1654 4755 Wortc
1668 4701 1743 4754 16116
1756 4700 1842 4752 seben
1859 4698 1946 4754 Orelli

554 4790 658 4858 ricbtip
676 4791 847 4860 aspepebem
869 4791 963 4844 Cicero
981 4791 1039 4843 will
1056 4807 1151 4860 sapen,
1171 4791 1215 4844 die
1233 4793 1299 4845 erari
1313 4791 1423 4845 Wetsert
1440 4791 1544 4859 piapen
1563 4805 1617 4842 aas
1635 4787 1684 4842 der
1697 4789 1752 4840 Art
1770 4787 1858 4855 161111,
1878 4787 1903 4842 d.
1919 4787 1945 4841 t.

551 4879 641 4931 salton
660 4895 714 4932 aas
732 4880 792 4933 dem
816 4879 914 4933 Weaert
932 4881 993 4932 aad
1011 4880 1125 4949 Bepriff
1139 4881 1314 4934 (1611666116
1332 4885 1446 4933 saerata
1464 4879 1570 4933 161661.
