4674 6112
940 770 1046 775 ---
1103 735 1152 808 35
1208 770 1365 777 ..-...,.

434 945 466 1005 et
496 941 590 1024 plura
620 941 705 1024 apud
736 941 872 1025 populos
905 941 1096 1022 Italicos¹⁰²)
1129 944 1342 1009 inveniantur.
1393 943 1455 1009 Sed
1489 954 1726 1010 sacrosanctum
1759 948 1819 1011 fuit

433 1065 592 1131 eiusmodi
614 1066 820 1130 iureiurando
843 1066 924 1129 nihil
946 1065 1044 1150 aliud,
1065 1068 1129 1131 nisi
1151 1073 1265 1133 mutua
1286 1067 1366 1132 fides
1388 1069 1572 1132 iurantium.
1603 1069 1718 1153 Neque
1740 1071 1819 1154 legis

432 1195 605 1272 perpetuae
627 1190 714 1254 vices
737 1191 892 1254 sustinuit
913 1191 1138 1255 iusiurandum
1163 1191 1335 1270 eiusmodi;
1361 1211 1437 1255 nam
1461 1199 1517 1256 aut
1538 1193 1747 1257 iurisiurandi
1769 1196 1818 1258 vis

431 1312 520 1375 irrita
547 1318 628 1395 erat,
655 1315 683 1377 si
710 1315 853 1379 iurantes
876 1333 941 1378 uon
966 1315 1104 1378 assecuti
1128 1316 1274 1397 suntid,
1301 1315 1341 1378 ad
1364 1315 1450 1399 quod
1473 1316 1712 1400 assequendum
1736 1320 1820 1382 iure

432 1436 567 1499 iurando
599 1455 634 1501 se
665 1437 916 1520 obstrinxerant,
953 1444 1009 1503 aut
1044 1438 1175 1503 effectus
1215 1440 1424 1504 iurisiurandi
1465 1447 1706 1505 consummatus
1745 1448 1820 1523 erat,

433 1559 569 1623 simulac
604 1561 745 1626 iurantes
783 1563 815 1626 id
852 1564 991 1628 assecuti
1028 1569 1119 1642 sunt3
1158 1581 1219 1627 nec
1249 1563 1387 1646 protecto
1425 1564 1513 1648 quod
1545 1562 1687 1628 Caesaris
1723 1566 1819 1630 inter-

432 1682 566 1748 fectores
597 1685 807 1749 iurisiurandi
838 1688 915 1750 anni
943 1687 1007 1750 245
1036 1707 1067 1750 u.
1096 1705 1121 1751 c.
1145 1706 1242 1751 causa
1274 1685 1336 1751 sibi
1364 1686 1530 1752 Caesarem
1562 1688 1819 1754 interficiendum

431 1806 531 1871 fuisse
560 1807 818 1892 dictitabant¹⁰³),
845 1829 915 1874 eam
942 1811 1010 1874 vim
1033 1810 1142 1892 habet,
1171 1811 1264 1894 quasi
1286 1811 1512 1875 iusiurandum
1535 1811 1617 1874 illud
1639 1813 1819 1876 vetustissi-

432 1951 522 1994 mum
546 1932 627 2015 legis
645 1939 815 2017 perpetuae
833 1935 920 1998 vices
938 1934 974 1998 in
992 1935 1108 1998 animis
1126 1933 1345 1998 Romanorum
1365 1936 1580 2000 sustinuisset.
1617 1933 1732 2018 Neque
1752 1955 1819 2000 our-

431 2057 508 2119 nino
527 2075 640 2120 verum
660 2063 708 2122 est
725 2058 786 2122 tale
804 2058 1030 2122 iusiurandum
1049 2077 1206 2142 umquam
1223 2059 1327 2142 legem
1346 2062 1502 2122 sacratam
1521 2077 1592 2122 esse
1612 2058 1741 2138 dictam;
1765 2060 1818 2124 lex

431 2181 518 2244 enim
542 2187 671 2262 sacrata,
695 2201 760 2264 qua
777 2183 885 2265 Aequi
909 2187 940 2246 et
958 2181 1078 2263 Volsci,
1100 2180 1239 2262 Etrusci,
1261 2181 1430 2263 Samnites,
1452 2179 1586 2266 Ligures
1610 2183 1762 2247 dilectum
1784 2185 1819 2247 iu

431 2304 712 2387 periculosissimis
735 2305 825 2369 bellis
847 2304 999 2370 habuisse
1023 2305 1252 2388 dicuntur¹⁰⁴),
1280 2325 1346 2369 non
1374 2310 1443 2369 erat
1470 2307 1579 2389 ipsum
1607 2306 1687 2370 illud
1715 2326 1819 2371 sacra-

431 2501 544 2562 rtraor
567 2498 703 2557 ὤμοσαν.
742 2499 835 2564 11,41
861 2499 906 2547 nai
933 2497 965 2548 τὸ
983 2497 1078 2548 λοιπὸν
1101 2495 1224 2549 ἀπεῖπαν
1246 2499 1346 2564 μηδένα
1361 2497 1497 2560 ‘Paianion
1515 2499 1607 2568 ἄρχειν
1626 2498 1673 2550 διὰ
1690 2499 1752 2564 fiicu
1770 2501 1820 2565 τὴν

431 2585 624 2640 demaritione
642 2585 739 2657 ἀρχὴν,
768 2583 848 2638 αὐτοὶ
872 2605 902 2637 re
919 2585 997 2645 rarle
1014 2587 1193 2650 cariatone
1220 2584 1400 2648 ὀμόσαντες
1425 2585 1541 2657 ὅρκους
1567 2588 1620 2638 καὶ
1649 2587 1730 2639 κατὰ
1757 2591 1820 2640 τῶν

431 2676 570 2740 ἐγγόνων
584 2673 678 2746 α’ράς,
698 2674 745 2727 ἰόν
757 2695 786 2727 τι
799 2675 876 2746 παρὰ
889 2677 980 2726 ταῦτα
994 2681 1101 2739 ποιῶσι,
1117 2675 1402 2748 καταρασάμενοι.
1431 2674 1468 2730 Cf.
1483 2675 1556 2730 Plut.
1571 2676 1647 2745 Popl.
1664 2677 1688 2732 2.
1703 2677 1818 2746 Appiam

430 2765 464 2820 do
482 2767 863 2922 resiOg·Luculonfissimum
876 2853 1031 2920 exemplum
1047 2856 1089 2906 est
1098 2853 1296 2908 sacramentum
1307 2851 1440 2907 nobilium
1450 2806 1615 2906 Samnitium
1625 2854 1697 2922 apud
1707 2853 1766 2908 niv.
1777 2855 1819 2922 10,

431 2941 626 3010 38,10iurare
640 2941 773 3010 repebant
786 2941 848 2994 diro
862 2941 983 3008 quodam
996 2941 1118 2994 camnine
1131 2942 1169 2993 in
1188 2942 1436 2996 execrationem
1455 2941 1581 3008 capitia
1595 2941 1820 3010 familiaeque

431 3029 627 3097 composito,
649 3029 708 3084 nisi
724 3029 790 3084 ieret
806 3029 838 3082 in
851 3029 991 3096 proelium
996 3068 1005 3096 ,
1028 3043 1082 3096 qua
1101 3028 1279 3095 inrperatores
1297 3028 1450 3096 duxissent,
1473 3034 1499 3083 et
1521 3029 1547 3082 ei
1564 3034 1616 3084 ant
1633 3031 1691 3097 apae
1709 3045 1743 3082 ee
1760 3031 1820 3086 acie

429 3118 548 3186 fnpisaet
574 3125 636 3173 aut
662 3118 692 3171 ei
718 3133 811 3184 quem
832 3117 1018 3185 sapientem
1041 3115 1184 3170 vidisset
1215 3133 1282 3169 non
1306 3118 1468 3183 extempio
1496 3117 1730 3173 occidisset...
1759 3121 1820 3186 pri·

430 3204 553 3258 maribus
573 3203 746 3258 Samnitibus
764 3222 797 3257 ea
819 3204 997 3258 mannaan
1019 3204 1156 3258 obstrictae
1178 3203 1267 3258 menn
1285 3205 1424 3257 nominati
1441 3209 1509 3258 eunt
1526 3203 1561 3256 ab
1579 3205 1758 3272 imperatore:
1780 3209 1820 3261 eie

430 3293 542 3361 dictum,
561 3299 595 3348 ut
610 3294 654 3347 cir
672 3294 764 3347 cirum
781 3293 909 3362 teperent,
928 3293 1014 3348 dome
1031 3292 1146 3346 sedecim
1163 3293 1270 3346 mitium
1287 3308 1434 3346 numerum
1452 3293 1641 3358 confecissent.
1679 3295 1717 3352 Cf.
1737 3313 1820 3366 supra

431 3383 491 3436 adu.
512 3381 546 3436 52
565 3385 593 3436 et
610 3383 652 3437 61.
691 3383 784 3437 Cetera
802 3382 926 3450 exempla
944 3399 969 3438 v.
989 3381 1017 3434 in
1036 3381 1177 3436 adu.104.
1214 3379 1303 3434 Etiam
1322 3380 1438 3436 Romani
1456 3381 1541 3435 simili
1565 3387 1733 3439 sacramento
1751 3401 1818 3439 nou·

430 3488 579 3542 numquam
602 3471 647 3526 usi
669 3487 729 3526 esse
755 3471 895 3539 videntum
924 3472 956 3525 cl.
980 3470 1040 3524 Tac.
1064 3469 1129 3523 hist.
1154 3469 1178 3536 1,
1203 3467 1237 3521 18
1264 3467 1369 3537 (Galba)
1397 3467 1475 3536 apua
1502 3470 1673 3538 frequentem
1701 3472 1819 3526 militnm

430 3562 584 3614 contionem
594 3602 600 3616 .
611 3598 635 3614 ..
651 3560 782 3627 adoptari
795 3576 814 3613 a
826 3576 855 3614 ae
870 3558 999 3612 Hscnern
1012 3574 1085 3612 mare
1099 3557 1157 3611 divi
1170 3557 1294 3625 Annaea·
1307 3563 1334 3611 et
1347 3557 1492 3624 eaemplc
1510 3559 1673 3627 militari,
1688 3576 1751 3628 quc
1765 3560 1818 3614 cir

430 3650 539 3702 cirum
558 3650 696 3719 teperet,
710 3649 889 3716 pronuntiat.
927 3647 1094 3703 Sacramenti
1112 3648 1202 3701 autem
1221 3645 1357 3714 militans,
1377 3646 1450 3715 quod
1468 3646 1551 3716 vulgo
1570 3648 1671 3701 dieitur
1685 3648 1755 3716 (Lir.
1775 3648 1818 3717 22,

431 3737 474 3804 38,
489 3738 524 3808 2),
544 3737 598 3793 alia
612 3739 656 3792 vis
674 3738 734 3806 fnit,
754 3753 918 3806 quamquam
938 3737 996 3791 sine
1015 3735 1097 3790 dubio
1116 3735 1155 3790 ita
1172 3733 1264 3788 verbis
1282 3737 1443 3803 conceptum
1461 3737 1527 3802 erat,
1546 3737 1578 3789 ut
1595 3736 1773 3791 obtestatione
1791 3740 1819 3792 et

431 3826 529 3894 capitis
548 3826 719 3880 execratione
738 3825 839 3880 milites
858 3842 887 3880 se
906 3825 1056 3896 obligarent
1075 3821 1327 3894 (Rom.11a1⁸,p.
1346 3822 1410 3888 5303
1430 3824 1462 3877 cl.
1481 3822 1655 3892 Huschke,
1674 3825 1718 3878 die
1732 3824 1819 3881 Multa

430 3915 487 3968 und
506 3915 554 3969 das
573 3913 778 3969 Sacramentum
797 3930 822 3982 p.
842 3913 895 3968 368
915 3915 994 3984 sqq),
1017 3916 1045 3968 et
1067 3913 1167 3967 militia
1190 3928 1221 3966 eo
1239 3912 1300 3981 ipso
1323 3913 1490 3966 sacramento
1512 3913 1709 3982 cunctamen
1728 3929 1818 3970 sacro-

431 4003 534 4072 sancte)
558 4017 618 4057 esse
641 4001 1232 4071 videbaturssrivS,34,10;cf.aacrota
1249 3999 1379 4054 nobilitas
1398 3999 1440 4069 10,
1460 3999 1503 4067 38,
1523 4000 1575 4070 12).
1612 4000 1708 4070 Neque
1731 4004 1818 4072 magis

431 4091 581 4159 comparari
599 4093 688 4160 potest
705 4091 896 4145 iusiurandum
914 4092 1101 4158 Acarnanum,
1130 4090 1162 4144 da
1185 4089 1285 4158 quibus
1307 4088 1404 4143 Livius
1428 4088 1470 4156 26,
1489 4088 1531 4156 25,
1553 4091 1584 4142 ll
1605 4087 1640 4142 ab
1663 4091 1819 4158 qumdecim

430 4179 469 4232 ari
486 4179 545 4232 LX
567 4196 659 4234 annas
681 4181 847 4245 coniurant,
869 4179 927 4231 nisi
949 4179 1065 4232 victores
1088 4194 1116 4232 se
1139 4194 1198 4231 nan
1220 4177 1375 4243 redituram
1397 4177 1448 4244 qui
1464 4177 1553 4231 anctus
1576 4178 1636 4232 acie
1653 4181 1827 4248 memineat„

430 4284 492 4321 eum
509 4285 544 4322 ne
562 4269 626 4335 quis
643 4268 711 4323 urae
728 4273 796 4323 tecto
814 4283 909 4320 measa
927 4267 986 4320 tare
1004 4266 1141 4332 reciperet.

519 4357 581 4426 103)
600 4356 714 4425 Appiam
733 4356 796 4412 bell.
815 4355 889 4410 civil.
909 4356 933 4424 2,
954 4357 1013 4410 119.
1032 4356 1058 4422 4,
1077 4355 1119 4410 91.

520 4446 582 4514 104)
600 4445 660 4500 Liv.
684 4449 710 4514 4,
730 4445 773 4514 26,
797 4447 813 4500 3
837 4445 906 4513 iepe
928 4449 1080 4511 carrata,
1104 4460 1175 4510 quae
1197 4444 1315 4496 moninio
1338 4442 1417 4510 aprtd
1439 4459 1485 4496 ece
1503 4444 1623 4512 (Aequos
1646 4447 1674 4498 et
1691 4444 1816 4514 Volscos)

430 4535 471 4587 rie
493 4535 662 4604 repentine
684 4534 832 4589 miiitiae
854 4539 924 4600 eret,
948 4533 1078 4587 dilectu
1096 4531 1225 4598 habito,
1248 4531 1383 4600 unirique
1399 4531 1492 4585 crutide
1511 4532 1634 4586 exercitu
1647 4532 1769 4600 profecti
1785 4533 1817 4586 in

430 4623 562 4693 ,llpiaium
584 4639 741 4678 convenere.
778 4623 803 4691 9,
822 4624 865 4691 39,
885 4625 901 4676 5
920 4627 946 4676 et
964 4621 1003 4675 cei
1026 4621 1187 4674 Vadimonis
1205 4622 1297 4674 iocum
1314 4621 1432 4676 Etrusci
1456 4621 1526 4689 iepe
1544 4627 1684 4675 sacrata
1702 4627 1816 4674 coacto

430 4714 597 4778 citercien,
619 4728 682 4766 eum
704 4712 748 4765 air
769 4712 860 4765 cirum
883 4711 1003 4780 teperet,
1027 4710 1141 4777 quantia
1163 4725 1316 4777 numquam
1339 4711 1413 4764 alias
1436 4717 1502 4764 ante
1524 4710 1608 4764 mmai
1630 4709 1716 4776 copim
1734 4708 1817 4762 mmul

429 4803 531 4855 animia
554 4801 731 4854 dimicarunt.
769 4801 811 4866 36,
836 4799 913 4869 38,1
938 4798 989 4852 mab
1011 4798 1083 4852 idem
1104 4799 1163 4864 fere
1186 4804 1292 4866 tempus
1310 4799 1432 4869 Lipares
1451 4799 1521 4868 iepe
1539 4803 1681 4852 sacrata
1700 4802 1817 4851 coacto

1566 4886 1603 4940 5*
1687 4935 1692 4946 ,
