4674 6112
964 855 1014 859 ,,
1077 819 1124 892 ,3
1207 855 1235 860 ,,

568 1032 681 1095 deinde
705 1033 884 1095 sanctiones
910 1029 1079 1094 sacrandae
1104 1034 1180 1092 sunt
1202 1034 1259 1092 aut
1281 1027 1489 1092 obtestatione
1507 1034 1539 1091 et
1557 1030 1793 1093 consecratione

566 1157 655 1240 legia,
677 1158 735 1218 aui
755 1175 864 1236 peracre
887 1155 954 1234 ipso
976 1173 1110 1238 poenae,
1133 1173 1208 1217 cum
1232 1158 1327 1236 caput
1350 1153 1431 1233 ciue,
1461 1153 1517 1235 qui
1541 1152 1793 1235 contrafecerit,

567 1285 770 1344 <consecratur

407 1424 470 1468 nou
496 1405 601 1468 solum
626 1423 666 1467 ex
691 1404 845 1485 tripertita
869 1403 1009 1468 oratione
1031 1402 1067 1465 fit
1088 1402 1244 1484 bipertita,
1269 1401 1438 1465 sedetiam
1458 1400 1634 1484 aequalitas
1654 1400 1791 1464 duorum

407 1528 625 1593 membrorum
649 1527 829 1592 restituitur
857 1527 1018 1609 simulque
1046 1527 1214 1610 genetivus
1241 1545 1359 1606 poenae
1391 1524 1501 1603 habet,
1534 1544 1597 1607 quo
1630 1526 1793 1608 aptissime

407 1652 569 1716 referatur.
610 1652 695 1716 Usui
718 1657 825 1715 autem
845 1650 1050 1714 Ciceroniana
1070 1649 1241 1714 admodum
1263 1651 1458 1713 conveniens
1478 1655 1526 1712 est
1545 1649 1665 1712 locutio
1682 1669 1792 1730 penae
1836 1697 1841 1705 .

406 1779 474 1857 ipso
490 1797 618 1856 poenae.
656 1775 737 1838 Nam
762 1794 826 1838 non
851 1775 956 1838 solum
981 1776 1099 1838 omisso
1122 1775 1278 1857 genetivo,
1302 1776 1329 1837 si
1352 1775 1380 1836 is
1403 1773 1494 1837 facilc
1514 1773 1655 1856 suppleri
1677 1779 1790 1856 potest,

407 1901 513 1964 Cicero
534 1921 644 1980 aarum
666 1901 734 1980 apso
758 1900 895 1980 dicit29),
917 1900 974 1962 scd
997 1901 1092 1964 ctiam
1116 1899 1221 1962 addito
1246 1899 1452 1982 genetivo³⁰),
1477 1900 1555 1980 quin
1579 1899 1674 1960 etiam
1695 1917 1793 1979 pentes

403 2045 521 2106 paenae
544 2025 750 2088 Ciceroniana
775 2025 922 2108 exemplo
951 2024 1097 2102 alteram)
1126 2021 1313 2086 confirmare
1341 2041 1523 2106 possumus.
1570 2021 1661 2085 Patet
1684 2027 1791 2086 autem

406 2149 510 2212 verbis
531 2169 640 2228 {penae
662 2149 730 2228 ipso
749 2169 870 2227 poenae
892 2167 1013 2232 poenae
1037 2148 1162 2212 divinae
1183 2166 1287 2230 genus
1311 2146 1490 2230 significari.

496 2411 541 2479 29)
560 2412 594 2464 ed
612 2413 668 2464 Att.
689 2413 730 2478 ll,
751 2411 792 2478 21,
813 2412 829 2464 3
850 2411 971 2464 Sullana
994 2411 1113 2478 confers,
1136 2411 1168 2464 in
1190 2410 1291 2478 quibus
1309 2410 1403 2463 amnia
1420 2425 1539 2478 penere
1558 2411 1631 2477 ipsa
1650 2410 1720 2478 (scil.
1739 2411 1792 2464 rci-

407 2499 530 2568 publicae
552 2501 693 2568 gerondae)
717 2501 940 2567 praeclarissima
963 2500 1095 2567 suerunt,
1123 2499 1310 2553 umderaliane
1328 2499 1428 2566 pauli)
1451 2499 1545 2551 minas
1569 2504 1725 2565 temperata.
1760 2499 1793 2552 dc

406 2605 459 2656 rep.
486 2587 510 2654 2,
534 2588 576 2654 32,
600 2588 635 2642 56
654 2594 736 2655 atque
759 2589 804 2641 uti
826 2589 952 2642 consules
974 2595 1135 2656 pacatulam
1163 2588 1295 2642 haberent
1324 2594 1441 2654 ternpore
1464 2588 1531 2640 dum
1554 2593 1635 2640 tanat
1656 2604 1793 2654 annuam,

403 2692 524 2744 ponere
543 2676 616 2743 ipso
635 2677 703 2746 (scil.
723 2677 875 2747 potestatis)
894 2694 927 2730 ac
945 2678 1007 2731 iure
1024 2678 1135 2746 rapiam.
1156 2678 1184 2730 in
1204 2677 1280 2731 Catil.
1296 2677 1320 2744 2,
1336 2677 1395 2746 §22
1409 2683 1578 2744 prostremam
1595 2681 1688 2730 autem
1704 2692 1793 2744 pennis

404 2765 473 2834 (scil.
492 2765 645 2834 homiuum)
664 2771 779 2818 estnon
797 2767 886 2819 salum
906 2783 1033 2832 saumae,
1056 2766 1104 2820 aed
1122 2766 1205 2819 etiam
1220 2781 1342 2834 periere
1359 2767 1371 2818 i
1371 2782 1432 2832 psa
1452 2767 1519 2834 (scil.
1539 2766 1691 2835 hominum)
1710 2771 1793 2832 atquae

403 2855 474 2920 nita,
501 2854 575 2922 quod
600 2854 748 2922 ynoprium
774 2853 913 2908 Catilinae
940 2861 986 2910 est.
1024 2872 1072 2924 pro
1102 2855 1206 2910 Cluent.
1231 2855 1274 2922 59,
1299 2856 1351 2908 164
1373 2854 1492 2922 habetis,
1519 2854 1637 2921 iudices,
1667 2856 1792 2921 quaein

404 2949 488 2996 totam
506 2959 622 2996 causam
640 2943 672 2995 de
691 2942 813 2995 moribus
832 2943 866 2996 A.
889 2943 1064 2999 Cluentii...
1084 2950 1260 2997 acctesatorea
1278 2942 1456 3010 colleperunt,
1480 2960 1564 3010 qrtam
1582 2944 1653 2997 leuia
1669 2959 1792 3012 qenere

403 3033 477 3099 ipsc
501 3031 570 3100 (scil.
595 3031 764 3100 criminum)!
789 3048 837 3100 pro
861 3031 936 3086 Fout.
961 3035 986 3101 9,
1005 3033 1040 3088 20
1063 3033 1155 3098 uideo,
1178 3032 1299 3097 iudices,
1322 3030 1425 3084 crimen
1449 3037 1476 3085 et
1492 3048 1612 3101 qenere
1631 3032 1704 3098 ipso
1723 3031 1790 3096 (scil.

404 3120 538 3187 criminis)
560 3136 700 3188 mapnntm.
738 3121 771 3174 de
794 3121 858 3189 imp.
884 3121 931 3176 Cn.
950 3121 1044 3190 Pomp.
1064 3123 1090 3188 9,
1109 3121 1143 3175 26
1167 3122 1237 3174 satis
1259 3119 1328 3172 milri
1351 3120 1438 3172 multa
1462 3121 1542 3174 uerba
1564 3121 1661 3187 fecisse
1689 3121 1792 3187 uidear,

405 3223 492 3275 pecare
519 3214 587 3262 esset
613 3209 664 3262 laon
691 3209 790 3262 bellium
816 3225 938 3278 penere
964 3211 1037 3276 ipsa
1061 3209 1130 3276 (scil.
1155 3207 1231 3276 balli)
1254 3208 1448 3262 neceesarium.
1491 3209 1529 3264 Cf.
1554 3210 1583 3262 in
1606 3209 1662 3263 Pis.
1689 3210 1732 3278 30,
1757 3211 1791 3264 74

404 3314 505 3365 quaere
533 3313 566 3350 ea
595 3297 735 3364 familiari
757 3303 819 3364 teto,
846 3313 946 3366 praeco
969 3297 1017 3350 illo
1036 3303 1134 3364 poeta:
1155 3311 1262 3364 penus
1285 3296 1392 3362 ipsum
1417 3297 1486 3365 (scil.
1511 3298 1639 3352 dictionis
1658 3300 1788 3367 poeticae)

399 3385 535 3452 probabit.
561 3386 589 3439 iu
606 3385 681 3440 Verr.
702 3403 792 3440 accus.
812 3388 837 3454 4,
859 3388 882 3454 1,
902 3389 914 3438 1
935 3402 1042 3453 pennas
1060 3387 1169 3452 ipsum
1187 3385 1256 3454 (scil.
1276 3385 1371 3454 studii)
1386 3387 1471 3452 prius
1490 3388 1652 3454 ceynacum,
1671 3387 1790 3456 iudices;

403 3474 501 3528 deinde
528 3474 647 3540 sortasse
674 3490 733 3526 non
760 3491 861 3543 mapno
887 3490 966 3541 apere
989 3475 1141 3541 quaeretis,
1168 3491 1222 3541 quo
1250 3474 1281 3526 id
1310 3474 1421 3527 nominc
1452 3474 1650 3541 appellandum
1676 3477 1789 3542 putetis.

402 3565 428 3631 4,
448 3563 490 3630 26,
510 3566 542 3618 57
562 3562 739 3615 nullomodo
766 3579 877 3630 possum
900 3563 994 3615 omnia
1017 3563 1099 3615 istius
1116 3563 1194 3627 flecta
1213 3568 1265 3616 aut
1281 3563 1411 3616 amatoria
1434 3564 1566 3630 consequi
1591 3569 1642 3616 aut
1664 3565 1791 3617 cranone

403 3652 556 3718 complecti:
573 3667 698 3720 penera
717 3651 793 3718 ipsa
812 3652 880 3720 (scil.
900 3653 1044 3717 sactorum)
1063 3651 1145 3718 cupio
1164 3651 1280 3704 breuiter
1298 3652 1441 3720 atrinpere.

492 3741 537 3804 301
556 3741 587 3793 In
607 3739 683 3794 Verr.
703 3757 792 3794 accus.
812 3742 836 3808 2,
855 3743 898 3810 60,
923 3744 972 3795 147
997 3739 1066 3807 quid
1083 3740 1156 3794 enim
1175 3745 1230 3793 tam
1248 3756 1350 3792 nonum
1367 3757 1426 3792 non
1444 3739 1534 3792 solum
1550 3756 1581 3792 re
1599 3740 1647 3792 sed
1668 3756 1790 3808 ponere

403 3830 476 3895 ipso
496 3827 723 3896 postulandi?
745 3845 793 3897 pro
817 3829 910 3910 Scaip.
935 3830 969 3883 22
992 3830 1082 3882 dicam
1105 3830 1178 3882 enirn
1197 3829 1319 3896 primum
1343 3828 1375 3881 de
1398 3829 1473 3895 ipae
1494 3844 1616 3898 qaaere
1644 3845 1790 3881 accusa·

403 3917 515 3969 tionis.
554 3934 602 3985 pro
621 3917 686 3972 Rab.
707 3917 779 3972 Post..
801 3921 825 3985 1,
844 3920 861 3972 2
879 3919 910 3970 in
931 3918 1072 3972 deuotione
1096 3920 1167 3972 raiae
1186 3919 1261 3972 etin
1279 3919 1354 3985 ipso
1376 3933 1499 3986 penere
1522 3917 1642 3970 martia
1664 3918 1791 3970 imitatus

404 4010 446 4058 est
463 4004 495 4058 P.
516 4005 633 4058 Decium
650 4007 735 4072 filius.
774 4007 812 4061 Of.
832 4011 968 4076 praeterea
991 4008 1024 4061 dc
1042 4008 1092 4076 leg.
1117 4023 1172 4074 agr.
1196 4007 1221 4074 2,
1240 4009 1265 4074 5,
1291 4007 1324 4061 10
1347 4023 1424 4073 amni,
1447 4022 1508 4060 uere
1530 4007 1629 4071 dicam,
1657 4006 1791 4076 Quirites,

401 4109 508 4161 penus
527 4095 637 4161 ipsum
656 4096 740 4164 lepis
758 4097 922 4164 apruniac
940 4097 1099 4163 uituperare
1118 4113 1175 4148 non
1189 4111 1311 4164 russam.
1330 4096 1359 4148 iu
1379 4095 1433 4149 Pis.
1454 4093 1496 4161 29,
1516 4095 1548 4147 71
1570 4096 1601 4147 ni
1621 4111 1736 4162 uererer,
1755 4112 1790 4150 ne

402 4183 453 4235 ltoc
480 4184 589 4249 ipsum
614 4199 721 4252 pentes
740 4185 924 4252 orationis,
944 4201 998 4251 aaa
1022 4201 1099 4237 nune
1120 4190 1199 4250 utor,
1223 4184 1257 4237 ab
1280 4185 1366 4238 hiriane
1389 4185 1443 4236 laci
1466 4199 1540 4236 mare
1562 4183 1728 4238 abhorreret.
1761 4187 1789 4238 in

403 4271 480 4322 Verr.
504 4287 594 4324 accus.
619 4272 643 4336 2,
663 4271 705 4338 60,
726 4273 776 4325 147
801 4273 849 4325 sed
869 4289 977 4340 penate
999 4274 1110 4340 ipsum
1129 4273 1339 4341 postulandi
1360 4289 1419 4325 nen
1438 4278 1478 4325 est
1497 4289 1605 4326 narrum.
1630 4274 1655 4331 3,
1674 4272 1717 4338 92,
1737 4273 1790 4326 214

403 4375 469 4412 iram
496 4375 603 4426 penus
631 4361 888 4413 aestimationis
915 4362 1023 4428 ipsum
1046 4381 1064 4414 a
1088 4379 1129 4416 nie
1155 4379 1307 4428 utinquam
1330 4368 1371 4416 est
1397 4361 1598 4429 reprehensum.
1640 4378 1688 4432 pro
1712 4361 1788 4416 Balb.

404 4449 446 4515 24,
470 4450 504 4502 54
528 4465 590 4500 cum
605 4451 768 4515 praesertim
789 4466 896 4518 penus
923 4451 1032 4517 ipsum
1050 4452 1341 4506 accusationis...
1364 4467 1453 4518 neth
1471 4451 1596 4503 senatori
1613 4467 1701 4517 neque
1718 4451 1789 4504 bono

403 4539 534 4604 cuiqnam
562 4538 644 4590 trimis
672 4538 827 4591 dicunda-m
850 4554 906 4592 esse
927 4545 1026 4605 posset.
1050 4540 1078 4592 in
1097 4540 1173 4593 Verr.
1198 4555 1287 4594 accus.
1312 4541 1337 4596 3,
1357 4539 1399 4606 20,
1419 4541 1453 4593 53
1480 4555 1604 4606 periero
1634 4540 1709 4606 ipsa
1737 4541 1788 4591 ia-

403 4627 577 4679 iuriarum
596 4642 697 4693 aenaeae
716 4628 877 4696 caqnoscite.

492 4715 729 4781 alunantiae,
749 4715 764 4767 7
789 4721 871 4782 atque
894 4716 953 4768 liae
977 4731 1084 4782 genus
1106 4733 1235 4784 poenae
1257 4732 1337 4784 saepe
1359 4718 1391 4770 in
1414 4716 1551 4784 improbos
1578 4717 1649 4769 ciues
1681 4715 1790 4769 laiac

403 4805 546 4872 aarublica
564 4821 620 4858 esse
639 4809 808 4871 usurpatum
825 4805 998 4858 recordatur.
1036 4805 1074 4859 01.
1094 4807 1121 4858 iu
1141 4806 1217 4859 Verr.
1237 4822 1325 4860 accus.
1348 4808 1371 4873 1,
1393 4808 1433 4874 17,
1453 4808 1487 4859 45
1509 4820 1616 4874 penus
1634 4803 1789 4856 animad-

404 4894 572 4946 uersionis
591 4893 684 4948 uidete.
