4674 6112
844 813 907 818 ,-
922 813 1002 818 --.-
1059 777 1138 892 23.
1164 812 1322 820 -—-

388 989 484 1065 capnt
505 1005 599 1048 snam
621 987 836 1066 eaecratnr⁶¹)
860 987 912 1050 vel
935 987 1153 1068 consecrat⁶²),
1176 1007 1242 1050 non
1265 985 1366 1068 lepcra,
1391 1007 1488 1070 quam
1513 987 1572 1050 hac
1595 989 1706 1071 eapitis
1725 990 1777 1052 sui

388 1109 590 1172 execratione
603 1109 711 1192 potius
725 1114 834 1173 sacrat
847 1111 899 1174 vel
914 1115 1081 1174 eamearn.
1104 1110 1326 1174 Execrationis
1341 1116 1449 1174 autem
1463 1111 1542 1192 eine,
1558 1131 1623 1194 qua
1635 1113 1778 1176 iurantes

388 1233 423 1294 in
447 1231 654 1322 obtestatione
678 1239 710 1296 et
732 1235 968 1298 consecratione
986 1233 1066 1318 legis
1090 1233 1274 1314 utebantur,
1292 1233 1369 1297 haec
1386 1235 1437 1297 vis
1460 1235 1530 1315 suit,
1553 1239 1589 1297 ut
1612 1253 1719 1298 sacros
1742 1255 1777 1300 se

387 1360 595 1439 posterosque
614 1355 776 1420 habendos
792 1375 863 1421 esse
878 1359 1102 1439 consentirent,
1118 1359 1145 1422 si
1159 1358 1273 1441 legem,
1288 1378 1385 1441 quam
1400 1363 1597 1422 sacramente
1612 1357 1777 1422 confirma»

387 1479 521 1560 vissent,
539 1486 646 1544 essent
659 1481 722 1564 ipsi
736 1480 893 1544 violaturi.
927 1479 1126 1546 Praesidium
1141 1483 1248 1567 igitur,
1264 1501 1328 1565 quo
1342 1482 1405 1564 lex,
1425 1501 1507 1565 quae
1525 1482 1584 1545 bac
1602 1483 1776 1546 sanctionis

389 1603 494 1684 specie
514 1609 634 1667 sacrata
648 1609 723 1684 erat,
738 1607 862 1669 munita
877 1624 948 1670 esse
962 1605 1138 1686 videbatur,
1151 1608 1185 1669 in
1200 1606 1312 1670 eadem
1325 1608 1504 1689 priscorum
1519 1607 1688 1669 hominurn
1704 1607 1777 1670 reli·

388 1725 483 1808 gione
498 1726 630 1790 deorum
645 1730 747 1810 posita
762 1734 838 1810 erat,
853 1731 980 1812 quavis
996 1732 1169 1794 sanctionis
1183 1730 1315 1794 alterius
1324 1731 1373 1808 ⁶³).
1396 1727 1428 1792 N
1430 1729 1495 1792 ulle
1510 1737 1593 1794 certe
1609 1750 1705 1794 causa
1720 1737 1777 1811 est,

388 1868 447 1912 cur
465 1852 654 1915 sacramenti
672 1851 761 1916 illius
777 1871 847 1916 eam
862 1854 929 1915 vim
947 1853 1047 1918 fuisse
1066 1859 1253 1933 statuamus,
1273 1859 1310 1916 ut
1327 1854 1469 1916 iurantes
1489 1871 1524 1917 se
1543 1861 1777 1936 execrarentur,

387 1973 451 2036 nisi
470 1973 549 2039 elios
568 1975 725 2058 heminae,
754 1977 811 2060 qui
830 1976 932 2060 legem
952 1977 1102 2042 violaturi
1125 1983 1240 2058 essent,
1264 1983 1372 2040 essent
1395 1976 1512 2055 rrlti⁸⁴).
1555 1975 1665 2040 Unum
1690 1980 1775 2042 enim

388 2098 573 2180 exemplum
590 2100 762 2164 sanctionis
777 2099 988 2164 obtestatione
1002 2107 1034 2165 et
1043 2103 1278 2166 consecratione
1292 2101 1373 2183 legis
1388 2105 1538 2181 sacratae,
1547 2101 1634 2182 quod
1644 2102 1775 2186 quidem

388 2226 511 2284 certum
527 2223 628 2303 sit⁶⁵),
646 2222 775 2306 praebet
788 2224 842 2288 lex
857 2225 1044 2306 consularis,
1063 2245 1161 2308 quam
1176 2229 1249 2308 post
1262 2223 1465 2307 plebiscitum
1477 2223 1605 2288 Icilium
1620 2225 1658 2288 de
1667 2226 1776 2290 Aven-

387 2345 453 2407 tino
477 2344 668 2428 publicando
692 2367 832 2431 agroque
855 2348 982 2432 publico
1004 2351 1039 2412 in
1061 2355 1171 2413 monte
1188 2347 1350 2412 Aventino
1373 2347 1506 2429 plebeiis
1528 2349 1650 2411 viritim
1673 2349 1776 2412 dando

387 2469 579 2552 assignando
602 2490 686 2534 anno
712 2473 872 2536 298111.
895 2472 991 2536 latam
1019 2492 1090 2538 esse
1111 2477 1220 2536 narrat
1238 2469 1372 2551 Dionys.
1394 2471 1444 2552 10,
1469 2473 1525 2548 32;
1549 2473 1583 2534 in
1608 2491 1644 2536 eo
1664 2478 1773 2537 autem

388 2591 517 2672 νόμιμοι
543 2593 634 2672 εὐχαὶ
663 2593 719 2654 nal
748 2597 828 2676 ἀραί
857 2603 1148 2661 commemorantur
1179 2597 1239 2677 in,
1270 2601 1308 2658 ut
1340 2593 1378 2657 de
1410 2594 1533 2658 ultione
1560 2615 1685 2676 eorum,
1719 2598 1775 2679 qui

386 2717 491 2800 legem
509 2717 659 2782 violaturi
683 2719 758 2801 sint,
776 2720 855 2784 nihil
874 2721 1017 2785 additum
1036 2723 1086 2786 sit
1123 2719 1240 2785 Scribit
1258 2719 1345 2782 enim
1363 2715 1557 2798 Dionysius:
1582 2717 1662 2798 perci
1687 2723 1776 2780 τοῦτο

387 2893 449 2946 diro
469 2893 589 2961 qaedam
612 2894 735 2947 carmine
753 2894 785 2946 in
803 2896 1051 2950 aberrationem
1074 2895 1174 2964 capitis
1191 2893 1370 2960 familiaeque
1389 2898 1415 2946 et
1432 2893 1528 2960 stirpis
1546 2895 1701 2960 composito,
1720 2895 1778 2948 nisi

385 2983 452 3035 isset
465 2982 497 3036 in
506 2983 654 3050 proelium,
673 2998 728 3049 qno
742 2983 921 3050 imperatores
934 2985 1088 3049 duxissent,
1108 2991 1134 3036 et
1147 2983 1172 3036 ei
1186 2987 1238 3035 1111
1256 2983 1313 3049 epse
1327 2997 1361 3034 ea
1375 2981 1435 3034 acic
1447 2981 1575 3050 sapient,
1593 2987 1645 3035 ant
1658 2982 1684 3034 si
1697 2998 1776 3048 pacm

385 3070 538 3138 sapientem
561 3071 685 3137 vidisset,
709 3087 767 3124 non
790 3071 921 3138 extemplo
945 3072 1094 3126 occidisset.
1132 3071 1219 3136 Quam
1242 3071 1269 3123 h.
1293 3070 1311 3125 1.
1335 3073 1362 3124 11
1386 3071 1428 3137 10,
1452 3071 1494 3138 39,
1520 3071 1552 3123 17
1577 3071 1775 3124 execrationem

386 3158 484 3212 Livius
504 3159 578 3226 111111,
598 3160 802 3213 detestationem
822 3159 1108 3227 1111111110,38,12
1123 3158 1295 3225 primoribus
1311 3158 1480 3212 Samnitium
1498 3175 1531 3210 11
1550 3159 1776 3212 detestatione

387 3245 534 3300 obstrictis.
572 3247 609 3301 01.
630 3247 711 3302 etiam
732 3247 773 3315 10,
792 3248 835 3316 41,
855 3249 871 3302 3
891 3247 991 3315 qnippe
1009 3249 1040 3300 in
1059 3247 1277 3300 conliserat...
1301 3253 1327 3300 et
1345 3246 1409 3298 dira
1427 3247 1600 3300 execratio
1619 3263 1652 3298 ac
1670 3247 1776 3311 furiale

386 3349 497 3388 11111111
525 3335 749 3389 detestandae
776 3337 934 3402 familiae
962 3335 1096 3402 stirpique
1124 3334 1309 3401 compositam.
1356 3333 1394 3388 01.
1423 3335 1504 3388 etiam
1533 3335 1593 3389 Liv.
1623 3337 1647 3399 5,
1673 3336 1714 3399 11,
1741 3336 1774 3388 15

385 3423 521 3476 neminem
537 3423 570 3476 in
588 3425 715 3477 contione
733 3429 817 3490 stare,
841 3425 891 3492 qni
908 3425 957 3477 illo
976 3424 1019 3476 dic
1038 3439 1096 3476 non
1114 3429 1200 3489 capnt
1217 3421 1327 3475 11111111
1344 3422 1531 3489 fortunasque
1550 3422 1583 3474 L.
1610 3422 1723 3488 Vcrpini
1741 3438 1775 3474 ac

386 3510 437 3563 Μ’.
458 3509 551 3580 Serpii
568 3512 605 3564 sit
623 3519 804 3566 execratas
822 3513 1088 3578 detestatusque.

474 3600 520 3666 61)
540 3599 577 3654 Cf.
597 3599 692 3668 Polyb.
712 3601 737 3668 3,
757 3601 799 3656 25.
836 3601 915 3655 Dion.
935 3601 960 3666 6,
979 3599 1014 3654 89
1033 3601 1104 3670 (adn.
1124 3600 1176 3669 59).

474 3687 609 3756 621Ρ1111.
639 3705 732 3758 paneg.
760 3691 795 3744 64
822 3690 869 3742 itte
891 3689 1010 3754 iurarit,
1037 3690 1171 3757 expressit
1194 3686 1407 3755 mplamacitpnc
1432 3685 1525 3751 rerba,
1548 3685 1649 3752 qnibns
1672 3691 1775 3752 capnt

385 3789 495 3840 1111111,
518 3775 628 3829 domam
646 3793 740 3845 enam,
759 3779 785 3831 si
802 3779 891 3832 sciens
909 3777 1060 3844 fefellisset,
1078 3777 1192 3831 deornm
1209 3777 1270 3830 irae
1288 3779 1516 3830 consecraret.
1553 3773 1613 3828 Liv.
1632 3775 1657 3840 3,
1676 3772 1719 3840 48,
1740 3775 1771 3826 11

386 3867 419 3926 11,
438 3863 540 3930 inquit,
559 3865 643 3931 Appi,
663 3872 794 3933 tannapne
813 3873 917 3935 capnt
934 3867 1074 3936 sanpnine
1091 3866 1142 3919 boc
1160 3879 1328 3918 consecro.

474 3952 519 4020 63)
539 3954 577 4006 Cf.
594 3953 648 4007 Cio.
665 3954 697 4008 de
710 3954 760 4023 leg.
775 3954 800 4019 2,
816 3957 840 4022 9,
857 3956 891 4008 22
902 3955 1056 4022 periurii
1069 3971 1180 4022 poena
1199 3953 1317 4006 divina
1336 3953 1492 4016 critiam,
1509 3951 1635 4004 1111111111
1648 3949 1772 4006 demens.

475 4041 520 4106 64)
540 4041 592 4096 1111
610 4042 653 4095 vis
672 4045 730 4096 erat
748 4043 910 4098 sacramenti
928 4043 1012 4110 illins,
1033 4059 1086 4111 quo
1104 4041 1198 4111 populi
1216 4041 1307 4096 Italici
1325 4041 1353 4094 in
1368 4039 1608 4109 periculosissimis
1623 4039 1701 4093 bellis
1715 4039 1774 4108 lege
1835 4039 1847 4062 l

386 4131 491 4182 sacrata
508 4129 610 4183 dilectu
628 4130 720 4186 habito
739 4132 885 4186 utebantur
904 4133 974 4200 (adn.
995 4130 1244 4200 5200102104),
1269 4133 1296 4184 11
1314 4129 1373 4184 eius
1392 4127 1578 4195 iurisiurandi,
1598 4145 1651 4196 quo
1670 4127 1773 4182 Brutus

384 4231 455 4270 anno
474 4215 526 4271 245
545 4235 571 4271 u.
591 4236 613 4273 c.
634 4219 708 4273 cives
727 4221 850 4289 adegisse
869 4219 970 4274 dicitur
988 4220 1059 4289 (adn.
1080 4219 1150 4288 101).

474 4304 519 4372 65)
539 4305 579 4359 111
602 4306 659 4374 lege
683 4325 790 4378 quoque
813 4309 920 4363 Licinia
942 4309 1006 4362 anni
1029 4307 1080 4362 387
1105 4325 1132 4362 u.
1156 4324 1179 4362 c.
1203 4306 1258 4361 lata
1281 4307 1352 4360 dixit
1369 4309 1439 4374 App.
1463 4306 1487 4360 b.
1507 4321 1530 4360 c.
1552 4306 1574 4372 1,
1594 4303 1774 4370 81111111,

384 4391 449 4443 reida
473 4393 543 4459 νόμῳ
567 4397 757 4466 περιλαβόντος
780 4397 921 4458 ludificans
944 4396 1042 4460 11111
1062 4395 1131 4460 νόμῳ
1151 4396 1196 4446 καὶ
1216 4395 1313 4461 ζημίαν
1332 4392 1486 4465 ὥρισαν...
1506 4395 1613 4464 φροντὶς
1631 4390 1773 4453 dodanta

386 4471 417 4547 ἦν
440 4481 503 4532 οὔτε
520 4484 573 4532 τῶν
597 4483 682 4545 νόμων
701 4484 763 4536 οὔτε
782 4489 834 4536 τῶν
854 4483 943 4554 ὅρκων.
981 4483 1033 4538 Sed
1052 4484 1138 4552 legem
1157 4484 1292 4538 Liciniam
1310 4499 1358 4552 per
1377 4486 1497 4538 saturam
1515 4483 1596 4537 latam
1616 4499 1669 4536 non
1688 4481 1772 4536 fuisse

385 4575 517 4626 sacratam
541 4575 654 4628 constat.
692 4574 730 4628 ef.
750 4573 879 4642 Herzog
897 4573 915 4626 l.
931 4589 953 4626 o.
973 4590 997 4640 p.
1021 4573 1129 4626 119-
1143 4573 1200 4626 Lex
1225 4575 1315 4626 antem
1340 4574 1445 4626 sacrata
1468 4573 1532 4626 anni
1556 4570 1608 4624 260
1632 4586 1658 4625 u.
1678 4587 1700 4624 o.
1720 4570 1772 4624 hoo

385 4659 443 4715 loco
463 4662 555 4716 afferri
573 4679 627 4716 non
645 4665 742 4732 potest,
766 4663 893 4730 quoniam
913 4663 964 4716 hcc
988 4663 1078 4730 ipsum
1105 4661 1251 4728 quaeritur,
1271 4663 1363 4714 utrum
1377 4675 1419 4734 Nea
1437 4659 1474 4714 sit
1491 4659 1535 4712 lex
1554 4659 1705 4712 consularis
1724 4659 1771 4713 ob·

384 4753 527 4807 testatione
546 4754 574 4804 et
592 4751 793 4806 consecratione
813 4753 929 4818 sacrata,
957 4767 991 4804 an
1010 4749 1183 4818 plebiscitum
1203 4749 1376 4802 iureiurando
1402 4746 1488 4816 plebis
1512 4747 1712 4814 confirmatum,
1736 4763 1771 4823 sn

383 4840 430 4894 lex
448 4841 563 4895 foederis
584 4843 750 4896 sacramento
770 4839 934 4894 confirmata.
