4674 6112
1019 844 1177 850 ----
1234 808 1282 880 22
1339 843 1495 850 -...-

566 1017 672 1082 verbis
700 1018 895 1082 obtestctrbrre
922 1017 998 1099 lepis
1021 1017 1232 1100 significatur,
1263 1017 1469 1080 irrrcirrrartdo
1501 1015 1698 1098 solemur),
1730 1019 1750 1080 i.
1783 1035 1809 1080 e.
1841 1037 1950 1081 sacra·

565 1146 665 1205 mento
673 1143 725 1224 ⁶⁸),
737 1141 845 1220 fiebat,
861 1162 935 1205 nem
946 1141 1052 1206 verbis
1067 1140 1263 1206 obtestatione
1276 1145 1305 1205 rt
1319 1141 1547 1206 consecatione
1562 1141 1641 1204 dues
1657 1142 1846 1224 precationis
1855 1142 1951 1204 iuris·

565 1264 693 1328 iurandi
710 1271 825 1348 partes,
844 1265 1086 1329 obtestationem
1101 1266 1223 1330 scilicet
1237 1271 1269 1329 et
1283 1266 1535 1346 detestationem,
1548 1263 1739 1348 significatas
1758 1282 1830 1328 esse
1843 1267 1950 1348 negari
1994 1293 1999 1308 ·

565 1407 630 1452 nou
649 1391 805 1472 potestll).
835 1387 938 1452 Probe
957 1395 1064 1453 autem
1083 1390 1259 1454 tenendum
1278 1395 1327 1454 est
1343 1388 1529 1452 Ciceronem
1543 1407 1608 1452 non
1631 1388 1669 1452 de
1684 1406 1721 1452 eo
1737 1388 1953 1470 iureiurando,

567 1533 631 1595 quo
655 1513 801 1576 homines
818 1513 903 1576 inter
926 1533 960 1576 se
980 1514 1018 1576 ad
1038 1513 1238 1578 ulciscendos
1261 1533 1339 1577 suae
1361 1513 1535 1577 voluntatis
1560 1512 1756 1576 adversarios
1776 1513 1953 1592 coniurant,

566 1637 666 1719 loqui,
685 1637 738 1700 sed
759 1636 797 1700 de
815 1638 1030 1718 iureiurando,
1054 1658 1118 1720 quo
1138 1637 1195 1714 tex,
1220 1640 1288 1702 sive
1310 1636 1421 1721 populi
1443 1637 1555 1700 iussus
1579 1637 1647 1700 sive
1669 1635 1872 1719 plebiscitum
1896 1641 1953 1716 est,

566 1760 780 1823 confirmatur.
817 1759 865 1824 Ita
885 1763 970 1824 enim
989 1763 1174 1844 genetivum
1194 1760 1270 1842 lepis
1288 1760 1514 1845 explicandum
1534 1779 1602 1824 esse
1618 1779 1659 1824 ex
1676 1761 1777 1842 prima
1797 1759 1953 1824 definitio-

566 1886 617 1947 nis
640 1885 860 1948 enuntiatione
883 1887 1061 1950 necessario
1086 1887 1252 1970 colligitur.
1291 1884 1384 1961 Quod
1408 1890 1516 1947 eutem
1540 1882 1649 1947 Oicero
1672 1903 1728 1966 pro
1752 1884 1952 1960 execratione,

568 2027 632 2090 quo
647 2008 803 2072 vocabulo
823 2009 921 2072 altera
938 2028 1012 2092 pers
1030 2010 1250 2090 iurisiurandi,
1264 2027 1346 2092 quae
1364 2007 1505 2092 generali
1523 2008 1652 2070 nomine
1671 2007 1828 2071 detestatio
1847 2007 1953 2091 appel·

565 2131 659 2213 latur,
682 2133 877 2195 nominanda
898 2133 1017 2218 fuit⁸⁰),
1040 2135 1300 2198 consecratiooen
1322 2133 1412 2214 dixit,
1434 2132 1527 2196 facile
1549 2133 1624 2195 inde
1647 2131 1834 2214 explicetur,
1858 2133 1955 2214 quod,

566 2257 594 2318 si
617 2257 811 2321 execratione
834 2258 1021 2341 scripsisset,
1048 2259 1195 2342 genetivo
1219 2258 1294 2339 lepis
1317 2259 1453 2320 utinen
1478 2257 1597 2340 potuit;
1625 2257 1736 2318 iurans
1759 2257 1844 2319 enim
1868 2275 1901 2319 ec
1923 2260 1955 2319 et
2064 2303 2068 2310 .

565 2487 825 2539 consecratione
852 2486 1040 2538 οονιίανισία
1062 2491 1272 2539 sacrosanctum
1290 2500 1347 2539 cere
1370 2485 1525 2551 confirmae.
1563 2483 1636 2550 Ques
1660 2484 1786 2552 ambages
1810 2484 1954 2538 verborum

566 2589 616 2625 our
634 2575 775 2641 spreverit,
795 2575 823 2628 in
843 2573 984 2641 propatulo
1002 2577 1051 2626 est.

656 2663 701 2726 57)
721 2661 776 2715 Cic.
797 2661 829 2714 de
848 2663 892 2715 oti.
912 2663 937 2728 3,
957 2663 999 2730 31,
1020 2664 1069 2714 111
1090 2679 1152 2716 oum
1173 2662 1250 2714 dicit:
1274 2661 1384 2714 νιαίίιιοι
1406 2661 1479 2714 crrr'm
1500 2661 1643 2714 sancctum
1666 2661 1705 2713 ad
1726 2661 1956 2730 adstrinpeadom

568 2749 650 2815 fidem
668 2750 854 2802 iureiurando
873 2751 991 2804 maiores
1009 2751 1102 2804 artius
1120 2765 1176 2804 cese
1189 2750 1346 2802 coluerunt.
1363 2749 1395 2802 id
1411 2749 1541 2804 indicarit
1559 2750 1628 2818 lepre
1641 2750 1674 2802 οἰκ
1688 2749 1831 2804 duodecim
1844 2749 1956 2816 tabulis,

568 2837 697 2890 indicant
721 2838 790 2906 lepos
813 2845 955 2906 sacratae,
978 2839 1107 2892 indicant
1127 2839 1255 2904 sordere,
1273 2855 1327 2892 non
1346 2854 1439 2892 omues
1458 2838 1531 2905 leges
1550 2842 1682 2905 sacratae,
1707 2838 1754 2892 sed
1773 2840 1844 2892 hanc
1862 2855 1955 2892 earum

567 2926 693 2993 speciem,
719 2927 752 2979 de
776 2942 830 2994 qua
848 2943 920 2980 nunc
939 2927 1040 2995 agitur,
1064 2928 1093 2980 in
1112 2929 1201 2980 mente
1220 2927 1301 2980 habet
1320 2927 1358 2996 (id
1377 2927 1449 2995 quod
1467 2926 1661 2980 Mommseui
1681 2942 1763 2980 cause
1780 2943 1888 2996 moneo,
1908 2928 1956 2996 qui

567 3013 619 3067 hoo
638 3013 697 3068 loco
716 3015 745 3067 in
764 3015 915 3069 definienda
933 3015 1001 3084 legis
1020 3019 1140 3069 secretae
1159 3015 1268 3070 notione
1287 3015 1356 3069 male
1373 3031 1441 3068 usus
1460 3018 1503 3069 est
1520 3015 1569 3083 11²,
1590 3031 1615 3084 p.
1635 3015 1694 3083 277,
1714 3014 1794 3083 adn).

657 3103 701 3168 58)
720 3103 793 3157 Fest.
813 3121 837 3171 p.
858 3103 1045 3158 3440118001.
1065 3110 1106 3172 ep.
1125 3120 1150 3172 p.
1171 3106 1223 3158 345
1243 3105 1280 3173 (v.
1301 3121 1383 3174 supra
1400 3105 1430 3158 in
1449 3105 1508 3160 adn.
1529 3105 1581 3172 27).

656 3194 702 3261 59)
721 3193 797 3247 Duae
816 3192 879 3246 illac
897 3195 987 3261 partes
1006 3193 1212 3260 distinguuntur
1230 3193 1421 3246 obtestationis
1439 3195 1466 3246 et
1484 3193 1674 3246 detestationis
1692 3193 1834 3248 vocabulis
1853 3193 1954 3248 albet.

567 3297 608 3349 ep.
627 3297 652 3349 p.
674 3281 726 3334 184
744 3281 887 3335 obtestatio
906 3286 946 3334 cet
963 3298 1049 3349 quam
1068 3282 1136 3335 dccc
1154 3283 1230 3336 testie
1249 3283 1280 3334 irr
1297 3283 1433 3336 meliorem
1447 3288 1696 3350 permoveatur,
1715 3281 1857 3336 ιίοίοσίαίίο
1872 3298 1958 3349 σασα

565 3369 598 3422 ιἰι
617 3371 783 3424 deteriorem.
816 3371 955 3440 Exempla,
975 3371 1075 3440 quibus
1094 3371 1163 3425 duae
1182 3371 1244 3424 illae
1262 3371 1352 3439 partes
1371 3371 1552 3438 eontinentur,
1571 3371 1654 3425 habes
1674 3372 1746 3440 apud
1767 3371 1862 3439 Polyb.
1882 3372 1907 3438 3,
1923 3371 1956 3425 25

566 3460 595 3512 in
623 3459 803 3528 descriptione
825 3460 1005 3514 iurisiurandi
1033 3475 1081 3528 per
1103 3458 1197 3512 lovem
1221 3459 1338 3527 lapidem
1362 3459 1405 3528 (de
1429 3475 1482 3528 quo
1510 3460 1542 3512 el.
1567 3460 1650 3513 etiam
1671 3460 1742 3513 Fest.
1771 3477 1812 3527 op.
1841 3477 1866 3527 p.
1897 3461 1956 3514 115.

566 3547 639 3602 Plul.
665 3549 731 3603 Sull.
754 3551 794 3605 10.
818 3549 878 3604 Liv.
905 3552 928 3618 l,
948 3549 991 3616 24,
1016 3549 1055 3607 9l:
1086 3545 1241 3618 εὐορκοῦντι
1259 3549 1306 3608 μὲν
1330 3552 1418 3597 ποιεῖν
1441 3545 1569 3610 τοίμαθοί·
1594 3547 1619 3598 τί
1645 3546 1755 3606 δ’ἅίίονς
1779 3548 1958 3614 διανοηθείην

566 3656 593 3686 τι
610 3635 626 3704 ἢ
642 3639 783 3709 πράξαιμι,
804 3637 1078 3689 nenecessitatem
1092 3635 1243 3702 σῳζομένων
1262 3635 1289 3684 ἐν
1301 3639 1362 3694 ταῖς
1382 3636 1464 3694 ίθίαις
1483 3637 1619 3707 πατρίσιν,
1639 3637 1665 3686 ίν
1683 3641 1741 3694 τοῖς
1760 3635 1839 3695 ἰδίοις
1857 3635 1956 3698 νόμοις,

568 3725 612 3777 tut
634 3731 687 3776 τῶν
711 3725 783 3778 ίδίοιν
806 3728 870 3792 βίων
897 3725 971 3797 ίιρῦν
992 3725 1095 3786 τσίφοιν,
1121 3723 1168 3787 tyb
1186 3724 1267 3785 μόνος
1291 3723 1427 3785 ίκπίσοιμι
1450 3723 1534 3782 οὕτως
1557 3723 1591 3783 ὡς
1613 3724 1658 3776 ίίθο
1681 3726 1762 3783 λίθος
1782 3728 1840 3776 νῦν.
1877 3725 1957 3778 Diod.

567 3816 609 3884 37,
627 3816 658 3868 17
674 3817 702 3869 in
718 3817 892 3870 iureiurando
909 3816 1044 3869 sociorum
1061 3830 1131 3868 anuo
1146 3813 1198 3867 663
1209 3830 1235 3865 u.
1246 3830 1268 3866 e.
1283 3813 1438 3866 rebellium:
1459 3815 1504 3864 καί
1520 3811 1674 3884 stupuerim
1694 3815 1741 3874 μέν
1755 3832 1802 3874 μοι
1822 3813 1958 3881 ἐπίκτησις

567 3905 608 3970 τίη
625 3909 678 3954 τῶν
699 3902 822 3967 α’γαθῦιν,
843 3905 1011 3973 ἐπιορκοῦντι
1030 3904 1058 3953 δι’
1076 3899 1218 3952 τσίναντία.
1255 3901 1334 3954 Dion.
1354 3904 1379 3968 (ί,
1397 3902 1433 3954 89
1452 3903 1480 3954 in
1499 3903 1687 3970 iureiurando,
1707 3919 1760 3971 quo
1779 3919 1813 3956 ex
1831 3903 1958 3972 Dionysii

568 3993 713 4060 sententie,
738 4007 830 4046 omncs
854 3992 968 4046 Romani
996 3991 1083 4059 legem
1112 3991 1244 4044 sacratam
1268 3989 1333 4043 anni
1352 3989 1405 4044 260
1428 4007 1454 4043 u.
1480 4007 1502 4044 e.
1515 3991 1765 4045 *confirmaverunt
1797 3989 1852 4061 ιίροί
1873 4010 1903 4042 τι
1925 3995 1960 4056 τῷ

568 4079 634 4151 ίίριιῳ
653 4083 819 4151 προσετέθη,
839 4085 896 4138 τοῖς
913 4081 961 4140 μίν
981 4079 1124 4140 ἐμπεδοῦσι
1147 4080 1212 4137 τοὺς
1232 4077 1315 4134 θιοῦς
1332 4077 1396 4135 τοῦς
1415 4076 1558 4148 οὐρανίους
1576 4077 1650 4138 licere
1674 4069 1807 4130 εἶναικαὶ
1827 4081 1958 4141 δαίμονας

567 4169 631 4227 τούς
655 4170 869 4232 καταχθονίους,
893 4173 951 4227 τοῖς
969 4169 997 4219 Ol
1016 4168 1233 4238 παραβαίνουσιν
1252 4167 1360 4217 ίναντία
1384 4168 1429 4217 καί
1452 4167 1487 4218 τὰ
1511 4167 1587 4239 παρὰ
1607 4172 1679 4220 θοῦν
1702 4169 1829 4232 γίνεσθαι
1854 4171 1899 4221 καί
1921 4169 1957 4220 τοί

568 4256 645 4329 παραὶ
670 4257 804 4318 δαιμόνων
828 4256 863 4314 ὡς
886 4257 946 4320 ἄγοι
968 4259 1004 4322 τῷ
1022 4256 1136 4320 μεγίστῳ
1161 4255 1270 4318 ἐνόχοις.
1308 4253 1371 4309 8010
1394 4257 1535 4312 detestatio
1559 4261 1784 4312 commemoretur
1806 4259 1878 4326 apud
1896 4258 1955 4312 Liv.

570 4349 593 4414 1,
614 4345 656 4413 24,
676 4347 693 4399 8
713 4346 755 4415 (cl.
776 4347 800 4413 9,
820 4349 845 4413 5,
865 4346 900 4412 3).
921 4348 944 4413 1,
960 4345 1002 4412 32,
1018 4346 1042 4400 ’1.
1055 4375 1087 4384 -
1098 4345 1140 4398 Ab
1158 4343 1206 4398 illo
1221 4361 1274 4398 usu
1292 4344 1418 4399 vocabuli
1436 4347 1625 4400 obtestationis
1643 4348 1851 4415 distinguendus
1873 4349 1915 4401 est
1932 4347 1957 4400 is
1993 4410 1999 4424 .

569 4452 646 4503 usus,
666 4437 746 4490 ouius
765 4435 889 4504 exempla
906 4434 1035 4503 praebent
1054 4433 1108 4487 Cic.
1129 4433 1161 4486 de
1181 4433 1250 4487 dom.
1269 4433 1312 4502 48,
1334 4434 1384 4489 125
1404 4437 1431 4488 et
1448 4436 1507 4491 Liv,
1527 4437 1570 4503 26,
1590 4436 1631 4504 25,
1653 4435 1694 4490 12.

658 4525 703 4592 60)
722 4525 796 4579 Serv.
822 4525 855 4578 ed
873 4523 953 4592 Verg.
973 4526 1039 4576 Aen.
1060 4521 1084 4588 2,
1105 4522 1158 4575 154
1180 4523 1317 4575 execratio
1340 4529 1432 4577 aretem
1450 4530 1491 4577 est
1508 4525 1687 4579 adversorum
1706 4525 1874 4593 deprecatio,
1900 4524 1958 4577 iuc-

530 4683 533 4688 .
567 4613 724 4667 iurandum
743 4613 898 4682 (obtestatio
925 4611 1028 4681 potius)
1053 4627 1115 4664 νονο
1139 4617 1235 4678 optare
1252 4626 1397 4678 prospera.
1435 4612 1507 4667 Plut.
1528 4630 1572 4682 qu.
1592 4614 1668 4668 Rom.
1688 4615 1724 4667 44
1748 4613 1790 4666 ὅτι
1809 4615 1864 4670 πᾶς
1882 4611 1959 4683 ὅρκος

569 4702 606 4761 εἰς
631 4703 752 4773 κατάραν
775 4704 887 4767 τελευτᾷ
909 4705 955 4768 τῆς
984 4701 1129 4771 ἐπιορκίας.
1171 4700 1296 4754 Ceterum
1325 4703 1510 4755 οαιονοίίοαίο
1538 4719 1645 4772 quoque
1674 4702 1835 4757 vocabulum
1863 4701 1959 4756 latiore

569 4791 767 4859 significatione
795 4793 955 4859 usurpatur;
983 4791 1012 4844 iu
1030 4791 1081 4844 hac
1100 4789 1258 4859 quaestione
1277 4791 1368 4858 agitur
1391 4791 1423 4843 de
1446 4807 1478 4844 ee
1501 4791 1558 4845 sola
1581 4791 1764 4858 execratione,
1789 4807 1842 4859 qua
1865 4791 1959 4844 iurans

569 4888 751 4949 caperratum
765 4880 914 4934 execrando
928 4881 1024 4947 sacrat,
1045 4879 1078 4932 de
1096 4895 1150 4947 que
1164 4880 1196 4933 cl.
1213 4880 1273 4933 Liv.
1291 4880 1332 4946 10,
1353 4878 1396 4946 88,
1413 4879 1447 4932 10
1460 4880 1557 4932 iurare
1576 4879 1707 4948 repebant
1728 4878 1796 4948 (scil.
1812 4879 1959 4947 Samnites)
