4674 6112
841 798 1105 872 *37
1163 833 1318 840 --ψ

387 1009 489 1092 010010
509 1007 555 1088 (O.
574 1007 599 1070 l.
618 1007 651 1070 L.
671 1008 733 1071 vol.
751 1008 778 1090 Ι,
796 1028 825 1091 p.
846 1009 922 1088 284)
946 1007 1000 1071 1110
1016 1005 1137 1087 paoem
1160 1007 1197 1070 dc
1215 1027 1306 1070 sucro
1324 1010 1425 1070 aeonio
1443 1006 1617 1084 0101001000,
1638 1008 1778 1089 proliano

386 1131 619 1211 campanilia
638 1129 855 1196 reconciliasse
874 1130 998 1214 (1101100,
1021 1131 1054 1194 id
1072 1150 1139 1194 non
1157 1129 1276 1194 sufficit
1294 1131 1334 1194 ad
1352 1131 1455 1215 legem
1474 1130 1635 1196 Valeriam
1654 1133 1778 1196 coniec-

387 1261 460 1318 tura
474 1255 695 1340 supplendam.
718 1253 842 1318 Deinde
856 1255 1001 1338 00010010
1020 1254 1100 1338 10010
1120 1259 1258 1318 sacratae
1276 1255 1423 1318 militaris
1444 1257 1519 1318 0001
1538 1256 1603 1318 412
1619 1276 1695 1337 00,
1714 1276 1779 1338 000

387 1378 603 1463 Herzogius
631 1381 757 1460 0111100,
785 1378 875 1442 nulla
902 1383 966 1460 est,
994 1378 1070 1460 0010
1094 1377 1133 1441 de
1156 1379 1363 1443 antecedente
1391 1379 1615 1443 seditiosorum
1638 1379 1778 1444 militum

386 1503 591 1566 iureiurando
616 1509 648 1568 et
670 1503 709 1567 de
731 1504 867 1583 ratione,
890 1521 955 1585 qua
978 1506 1099 1564 0000010
1115 1501 1212 1565 100011
1229 1501 1284 1564 illa
1301 1502 1370 1583 lex,
1394 1503 1525 1566 omnino
1550 1502 1631 1565 nihil
1654 1510 1779 1568 constat

386 1629 495 1709 (supra
516 1646 546 1709 p.
572 1627 632 1708 19).
669 1627 721 1690 Ex
743 1646 828 1691 nova
850 1631 957 1690 autem
980 1625 1050 1708 lege
1074 1631 1194 1689 sacrata
1217 1625 1410 1690 Samnitium
1439 1629 1547 1709 (supra
1570 1647 1599 1710 p.
1624 1627 1678 1706 20)
1703 1647 1778 1690 000-

386 1750 469 1834 10010
487 1749 681 1834 Herzogio
706 1753 836 1814 omnino
854 1749 992 1834 petenda
1009 1769 1074 1812 000
1094 1754 1171 1831 0001,
1189 1749 1342 1833 quoniam
1360 1751 1449 1829 ratio,
1472 1768 1555 1832 0000
1573 1751 1659 1814 inter
1675 1751 1778 1835 legem

388 1873 473 1936 illam
508 1879 662 1938 sacratam
695 1874 734 1938 de
757 1875 875 1938 dilectu
908 1872 1053 1936 habendo
1080 1879 1111 1937 et
1140 1879 1374 1937 sacramentum
1402 1873 1542 1936 militum
1577 1872 1778 1958 subsequens

387 1997 567 2078 intercedit,
590 2017 723 2081 prorsus
752 1997 813 2060 0110
836 2003 884 2060 001
907 2002 1003 2080 atque
1026 2016 1077 2078 00,
1105 2014 1187 2080 0000
1210 1997 1295 2061 10100
1315 1997 1542 2061 iusiurandum
1566 1996 1669 2080 plebis
1692 2005 1779 2062 ante·

388 2120 504 2184 cedens
536 2125 568 2184 et
599 2120 703 2204 legem
736 2119 986 2204 subsequentem
1018 2119 1242 2202 intercederet,
1274 2119 1382 2184 futura
1415 2125 1507 2185 esset
1564 2119 1657 2202 10010
1684 2141 1778 2224 porro

388 2250 528 2308 sacratae
546 2243 738 2308 Samnitium
761 2245 963 2328 aliorumque
986 2243 1176 2327 populorum
1200 2243 1384 2308 Italicorum
1408 2245 1646 2310 vetustissimae
1670 2247 1779 2329 (supra

387 2388 417 2451 p.
453 2369 505 2448 35)
537 2369 683 2452 analogia
714 2387 829 2432 rursus
861 2367 951 2431 nulla
987 2372 1048 2449 est,
1087 2369 1240 2451 quoniam
1278 2370 1410 2432 omnino
1442 2389 1508 2432 non
1541 2373 1677 2450 constat,
1714 2389 1780 2452 000

389 2493 534 2556 sacrandi
566 2493 690 2556 ratione
721 2491 775 2554 illa
807 2497 929 2578 0000010
960 2491 1065 2572 100011,
1097 2496 1129 2556 01
1156 2511 1271 2575 000000
1299 2493 1453 2576 temporis
1482 2493 1582 2576 spatio
1611 2513 1629 2556 a
1662 2493 1779 2557 dilectu

387 2615 617 2699 posterioribus
649 2614 847 2702 temporibus
880 2615 1001 2696 habito,
1032 2617 1067 2678 in
1100 2593 1166 2699 000
1194 2621 1391 2680 sacramento
1418 2621 1546 2680 vetusto
1571 2615 1780 2700 adigebantur

388 2740 507 2804 milites
531 2740 612 2821 (adn.
640 2740 727 2821 102),
755 2739 900 2804 seiuncta
927 2745 983 2803 est
1028 2737 1122 2823 Legis
1146 2745 1255 2803 autem
1288 2739 1465 2803 0000010010
1498 2741 1574 2803 anni
1598 2727 1662 2804 298
1686 2762 1718 2805 0.
1744 2761 1780 2823 a,

390 2883 454 2946 qua
485 2834 689 2947 plebiscitum
722 2862 849 2927 Icilium
878 2863 917 2926 de
949 2865 1110 2927 Aventino
1139 2862 1364 2926 confirmatum
1398 2881 1468 2927 esse
1501 2864 1651 2947 opinatur
1682 2863 1779 2928 Her-

389 2989 536 3072 zogius,
573 2988 719 3072 analogia
750 2987 821 3052 ideo
853 2987 932 3050 nihil
964 2987 1061 3068 valet,
1099 2986 1187 3070 quod
1223 3005 1330 3070 neque
1368 2987 1407 3050 de
1445 2987 1651 3051 antecedente
1677 2987 1779 3071 plebis

389 3112 594 3175 iureiurando
624 3112 799 3194 quicquam
827 3115 940 3174 notum
969 3115 1029 3190 est,
1063 3129 1169 3194 neque
1201 3111 1332 3173 omnino
1364 3131 1383 3173 0
1410 3109 1600 3174 consulibus
1631 3111 1693 3174 illis
1726 3111 1779 3176 lex

389 3235 452 3300 lata
478 3240 528 3299 est
559 3239 669 3318 (snpra
695 3254 724 3317 p.
748 3235 790 3296 23
813 3236 906 3316 000).
952 3232 1046 3316 10010
1079 3233 1219 3316 denique
1245 3231 1391 3296 Veledae
1423 3232 1573 3297 Horatiae
1606 3235 1646 3298 de
1679 3235 1779 3299 tn'bu·

390 3359 475 3422 nicie
496 3363 651 3442 potestate
674 3359 820 3440 analogia
842 3359 886 3420 110
907 3357 1127 3421 tantummodo
1151 3357 1272 3440 aliquid
1295 3356 1428 3438 valeret,
1451 3359 1479 3420 si
1503 3363 1661 3422 constaret
1683 3361 1779 3422 caeri-

390 3484 528 3564 moniae,
561 3502 641 3565 quas
664 3482 776 3546 110100
803 3483 832 3564 3,
856 3483 909 3562 55,
933 3482 950 3542 1
976 3501 995 3544 0
1017 3478 1204 3545 oonsulibus
1227 3485 1395 3546 renovatas
1427 3499 1498 3546 0000
1525 3481 1619 3564 dixit,
1641 3481 1779 3546 referen-

391 3605 446 3670 das
475 3624 545 3670 esse
573 3611 630 3670 aut
657 3607 696 3670 ad
718 3605 943 3670 iusiurandum
971 3603 1080 3688 plebis,
1113 3623 1177 3686 000
1210 3603 1249 3668 de
1280 3623 1316 3668 re
1348 3623 1442 3668 00000
1471 3604 1675 3668 statuendum
1707 3624 1777 3670 esse

391 3729 591 3795 ostendimus
615 3733 723 3813 (supra
745 3749 775 3813 p.
800 3730 841 3810 9),
863 3733 920 3792 001
942 3729 983 3792 ad
1005 3727 1248 3792 obtestationem
1271 3727 1366 3811 10010,
1393 3747 1477 3810 quae
1498 3727 1682 3810 Hersogii
1706 3749 1778 3794 sen-

392 3854 491 3916 tentia
509 3859 558 3917 est
577 3853 609 3936 (1.
630 3872 654 3916 c.
674 3873 703 3936 p.
726 3853 788 3915 145
808 3857 840 3917 01
860 3852 947 3938 141),
966 3872 1030 3936 000
1049 3853 1088 3916 de
1110 3871 1146 3916 re
1163 3852 1253 3916 aliter
1270 3851 1479 3916 indicandum
1503 3871 1574 3916 esse
1592 3816 1668 3916 mox
1692 3853 1778 3918 vide-

392 3973 508 4040 bimus.
554 3976 701 4060 Analoga
724 3976 854 4060 quidem
878 3982 963 4041 esset
984 3977 1114 4058 rationi,
1137 3995 1235 4059 quam
1258 3975 1476 4060 Herzogius
1500 3977 1704 4060 excogitavit,
1727 3977 1778 4042 lex

392 4099 521 4164 Valeria
549 4101 588 4165 de
617 4101 769 4165 sacrando
798 4121 873 4164 cnm
897 4101 989 4166 bonis
1012 4102 1113 4185 capite
1136 4103 1222 4182 eius,
1246 4102 1303 4184 001
1325 4101 1415 4184 regni
1443 4100 1620 4184 occupandi
1647 4101 1779 4166 consilia

390 4225 514 4305 inisset,
536 4244 620 4288 anno
641 4225 705 4288 245
724 4244 755 4290 0.
771 4243 796 4288 0.
816 4226 888 4306 1010,
907 4227 1026 4309 quippe
1046 4245 1144 4308 quam
1167 4226 1212 4288 ita
1234 4225 1435 4308 interpretari
1453 4223 1573 4306 liceret,
1597 4227 1691 4308 00001
1709 4226 1776 4290 ius-

390 4347 563 4412 iurandum
583 4348 773 4412 antecedens
791 4349 872 4428 (adn.
898 4348 972 4429 101)
995 4348 1036 4411 ad
1057 4349 1137 4411 iuris
1155 4347 1275 4431 publici
1292 4367 1439 4412 normam
1462 4366 1500 4412 00
1521 4348 1592 4432 lege
1614 4349 1778 4422 redactum

392 4477 489 4551 esset;
514 4473 569 4536 sed
592 4491 633 4536 ne
656 4473 756 4536 huius
779 4472 909 4555 qaudam
933 4471 1012 4555 10010
1036 4471 1181 4555 00010010
1202 4472 1295 4555 plena
1318 4477 1376 4553 est,
1399 4473 1518 4556 quippe
1542 4491 1638 4556 quam
1658 4491 1779 4555 poenae
1878 4507 1885 4520 ·

391 4615 507 4681 genere
539 4601 692 4660 sacratam
719 4596 820 4660 fnisse
848 4599 973 4660 constet
1001 4599 1110 4678 (supra
1136 4615 1166 4678 p.
1192 4596 1260 4676 ll);
1293 4597 1392 4658 nnius
1426 4600 1533 4660 autem
1566 4596 1664 4660 huius
1698 4596 1779 4678 legis

392 4721 537 4805 analogia
568 4725 652 4785 certe
675 4739 740 4784 non
764 4719 924 4784 sufficeret
955 4720 995 4782 ad
1026 4719 1129 4803 legem
1159 4718 1355 4783 dictatoriam
1379 4737 1463 4782 0000
1488 4719 1551 4782 260
1576 4740 1607 4783 0.
1631 4739 1656 4784 c.
1680 4720 1777 4782 latam

392 4847 575 4910 coniectura
604 4844 827 4927 supplendam,
850 4845 1035 4927 praesertim
1064 4862 1139 4906 cum
1162 4843 1370 4926 Hernogio,
1392 4849 1430 4907 01
1457 4862 1549 4906 stram
1578 4843 1778 4922 sententiam,
