4674 6112
560 996 708 1056 sanctum
731 1007 802 1053 esse
825 989 951 1071 dicitur,
974 990 1012 1054 de
1035 990 1104 1074 lege
1128 995 1183 1054 aut
1206 989 1378 1074 plebiscito,
1401 993 1496 1055 cuius
1519 993 1640 1056 sanctio
1660 998 1780 1058 sacrata
1799 996 1848 1076 sit,
1871 996 1901 1058 h.
1920 1015 1947 1060 6.

560 1114 600 1178 de
618 1114 688 1197 lege
709 1117 836 1194 sacrata,
858 1131 929 1178 esse
951 1113 1167 1198 cogitandum,
1188 1114 1275 1197 leges
1299 1119 1438 1178 sacratae
1460 1118 1638 1180 necessario
1662 1117 1847 1182 statuendae
1870 1125 1947 1182 sunt

560 1243 592 1301 et
614 1242 742 1320 propter
760 1241 992 1300 sacrosanctam
1016 1237 1147 1301 militiae
1165 1239 1365 1301 vacationem
1387 1238 1582 1304 coloniarum
1605 1241 1837 1305 maritimarum
1856 1249 1909 1305 vet
1933 1278 1946 1290 -

561 1363 745 1441 stiorumll)
769 1367 801 1424 et
822 1364 949 1444 propter
970 1367 1203 1425 sacrosanctam
1225 1361 1356 1425 militiae
1379 1363 1588 1445 munerisque
1610 1363 1730 1447 publici
1750 1367 1946 1428 vacationem

560 1484 747 1568 pontificum
780 1484 981 1566 aliorumque
1013 1484 1214 1548 sacerdotum
1242 1483 1508 1566 Romanorumn)
1537 1492 1568 1550 et
1594 1493 1720 1572 propter
1747 1495 1947 1552 sacrosancta

559 1607 699 1690 foedera,
727 1627 809 1691 quaa
838 1608 969 1690 quidem
994 1613 1066 1691 post
1087 1607 1201 1672 foedus
1225 1606 1404 1672 Caudinum
1428 1611 1491 1673 iota
1513 1614 1646 1690 sumu).
1694 1610 1814 1677 Omnes
1838 1617 1946 1676 autem

561 1731 618 1795 bas
641 1733 727 1814 leges
751 1731 958 1797 obtestatione
986 1738 1018 1796 et
1046 1733 1282 1796 consecratione
1304 1733 1384 1816 legis
1408 1737 1545 1798 sacratas
1567 1733 1666 1798 fuisse
1692 1735 1853 1818 probabile
1876 1754 1946 1800 esse

560 1855 844 1920 demonstrandum
867 1861 924 1922 est.

649 2014 693 2082 to)
711 2014 770 2068 Liv.
791 2014 834 2083 27,
854 2013 896 2081 38,
916 2014 933 2067 2
955 2031 1022 2067 narn
1040 2019 1067 2067 et
1084 2013 1147 2066 belii
1166 2019 1255 2066 terror
1274 2013 1434 2080 duplicatas
1452 2015 1518 2067 nort
1535 2014 1621 2068 bostis
1639 2017 1671 2068 ia
1688 2016 1805 2070 Italiam
1823 2017 1946 2070 adtenta

559 2105 640 2170 (anno
659 2103 804 2171 54766.)
823 2109 849 2156 et
865 2103 960 2155 minue
977 2103 1131 2155 iucentrrtie
1148 2108 1218 2169 erat,
1237 2101 1313 2155 unde
1330 2101 1480 2156 senonens
1498 2102 1604 2158 milites.
1623 2104 1717 2172 itaque
1735 2105 1845 2160 colorem
1863 2106 1946 2159 ettam

559 2192 720 2256 raaritimoa,
743 2191 793 2257 aui
819 2196 1075 2244 sacrosanctam
1103 2190 1312 2243 uacationem
1335 2190 1499 2244 dicebantur
1522 2190 1629 2258 habere,
1657 2192 1725 2245 dare
1747 2193 1847 2246 milites
1871 2209 1945 2260 cope-

558 2279 633 2333 bant.
658 2277 759 2345 aurbus
785 2278 980 2333 recusantibus
1002 2279 1111 2333 edicere
1139 2278 1170 2332 in
1199 2277 1269 2331 diem
1292 2284 1407 2346 certam,
1430 2285 1463 2332 nt
1485 2295 1540 2346 quo
1562 2279 1678 2346 artisque
1696 2281 1758 2334 inre
1775 2282 1946 2335 catanensem

558 2366 684 2434 baberet,
712 2366 751 2420 ad
776 2373 904 2421 senatum
931 2367 1057 2433 deferret.
1085 2384 1118 2420 ea
1146 2367 1190 2420 die
1217 2367 1256 2420 ad
1282 2375 1410 2422 serratum
1436 2367 1467 2420 lii
1489 2368 1590 2434 popelli
1616 2373 1765 2422 cenna-nt:
1801 2368 1946 2436 Oetierrsis,

558 2455 705 2522 Alsiensis,
724 2455 836 2523 Antias,
859 2455 1027 2522 An-nnrnas,
1051 2456 1270 2522 Minturnenses,
1290 2455 1482 2510 Sinuessanus
1500 2461 1526 2508 et
1543 2455 1578 2508 ab
1596 2471 1696 2522 supero
1714 2456 1788 2509 arari
1806 2456 1944 2511 Senensis.

559 2559 621 2596 cerm
644 2544 803 2597 catanance
825 2558 894 2596 anas
916 2545 1032 2611 quisque
1053 2544 1175 2611 populns
1197 2545 1339 2610 recitaret,
1363 2544 1485 2609 nultius,
1509 2559 1572 2596 cum
1594 2545 1626 2595 in
1648 2545 1737 2597 Italia
1760 2545 1846 2599 boetis
1869 2552 1946 2613 esset,

554 2637 668 2697 praeter
695 2632 838 2684 Antiatem
869 2631 1073 2699 Ostiensemque
1100 2633 1210 2685 uacatio
1237 2631 1380 2684 obseruata
1407 2637 1454 2684 est.
1492 2630 1630 2684 Ostienses
1658 2633 1743 2701 igitur
1771 2636 1799 2686 et
1820 2635 1945 2689 Antiates

559 2718 666 2786 plenam
689 2719 858 2773 vacationem
882 2719 995 2774 militiae
1018 2721 1194 2789 legionariae,
1218 2721 1300 2774 ceteri
1325 2720 1491 2774 vacationem
1512 2720 1550 2772 ita
1568 2723 1733 2788 acceperant,
1757 2725 1789 2775 ut
1808 2723 1944 2776 tunudtus

560 2807 681 2862 Gallicus
708 2810 736 2860 et
758 2807 871 2861 Italicus
895 2808 1065 2877 exciperetur
1088 2811 1131 2877 (cf.
1155 2809 1335 2863 Mommsen
1360 2809 1388 2861 in
1411 2809 1514 2878 opham.
1539 2810 1622 2876 epigr.
1646 2810 1695 2875 III,
1719 2828 1744 2878 p.
1770 2811 1840 2880 lOO).
1878 2811 1945 2865 Earn

559 2897 649 2949 autem
678 2895 846 2950 vacationem
874 2896 907 2950 ad
936 2897 1063 2951 militiam
1086 2896 1210 2951 navalem
1235 2897 1344 2950 omnino
1373 2913 1427 2951 non
1450 2897 1614 2965 pertinuisse
1641 2915 1675 2952 ax
1703 2899 1809 2954 decreto
1834 2903 1946 2954 senatus

559 2985 691 3053 sequitur,
711 2985 783 3053 quod
802 3000 871 3039 auno
891 2985 943 3040 563
962 3001 988 3039 n.
1004 3002 1027 3040 6.
1046 2985 1147 3039 lactum
1166 3001 1226 3039 esse
1245 2987 1336 3039 namet
1354 2985 1413 3040 Liv.
1433 2986 1474 3050 36,
1495 2987 1519 3052 3,
1539 2987 1556 3038 4
1574 2986 1606 3038 in
1624 2987 1813 3054 comparanda
1831 2988 1946 3055 inpia-e

558 3073 645 3127 classe
671 3072 699 3126 0.
723 3072 838 3126 Liuium
862 3079 1018 3141 praetorem
1045 3075 1183 3128 conten-tio
1210 3079 1274 3127 orta
1301 3089 1363 3127 cara
1386 3074 1490 3127 colonie
1513 3074 1660 3127 ataritimis
1677 3075 1824 3142 paulisper
1846 3076 1944 3129 tenuit.

558 3178 624 3213 nam
643 3177 705 3214 cam
723 3167 886 3230 caperentur
903 3163 936 3215 in
949 3163 1071 3230 classera,
1089 3161 1216 3216 tribanos
1226 3162 1315 3230 plebis
1328 3163 1522 3230 amiternum
1540 3162 1575 3216 ab
1593 3163 1629 3214 iis
1647 3161 1686 3215 od
1703 3169 1830 3216 senatum
1852 3164 1946 3218 reiecti

559 3255 634 3304 erent.
653 3256 769 3304 senatus
783 3251 834 3317 ita,
851 3256 885 3304 at
899 3250 938 3303 ad
951 3268 1041 3304 annm
1055 3266 1147 3304 omnes
1161 3251 1359 3318 consentirent,
1377 3251 1494 3305 decreuit
1512 3251 1722 3304 occationem
1740 3253 1791 3305 rei
1807 3253 1945 3305 reovalis

558 3338 597 3391 eis
620 3339 724 3392 colonis
746 3355 806 3392 non
829 3354 892 3394 esse.
934 3337 1014 3394 Ostra
1036 3344 1063 3393 et
1085 3339 1229 3409 Flepeaae
1251 3344 1278 3392 ct
1302 3339 1432 3393 Castrum
1454 3356 1556 3392 notorem
1579 3345 1605 3393 et
1624 3339 1713 3408 Pyrpi
1735 3346 1761 3394 et
1778 3341 1897 3394 Antium
1919 3347 1945 3394 et

561 3427 719 3482 Tarracina
732 3434 758 3482 et
772 3427 941 3482 Minturnae
954 3433 980 3481 et
994 3427 1130 3481 Sinuessa
1143 3428 1272 3494 secarent,
1285 3445 1357 3495 puae
1371 3445 1433 3482 cnm
1443 3431 1573 3495 muctare
1587 3427 1619 3480 de
1633 3429 1778 3482 cacabant
1792 3434 1944 3482 certarunt.

648 3517 692 3586 to)
711 3517 774 3585 Leg.
804 3517 852 3570 col.
888 3516 940 3571 Iul.
970 3516 1034 3569 Oen.
1064 3533 1121 3585 cap.
1150 3517 1184 3570 66
1208 3517 1323 3584 (epham.
1348 3517 1431 3585 epigr.
1455 3517 1505 3584 ΠΙ,
1529 3534 1554 3584 p.
1578 3515 1623 3582 93)
1652 3517 1741 3583 iisque
1763 3516 1944 3582 pontificibus

557 3605 776 3673 crepantia-sque,
799 3604 849 3671 qui
870 3605 902 3658 in
925 3619 1032 3671 quoqne
1055 3620 1149 3657 eoram
1168 3605 1279 3673 callepio
1298 3610 1383 3658 erre-nt
1400 3603 1545 3670 tiberisque
1564 3618 1658 3656 eorum
1676 3603 1791 3656 militiae
1809 3604 1943 3656 muneris·

558 3710 610 3760 que
624 3693 733 3760 publici
750 3693 886 3746 vacatio
905 3692 1170 3746 sacrosanctius
1189 3699 1254 3758 esto,
1272 3693 1325 3745 uti
1338 3692 1509 3759 pontifici
1527 3691 1679 3745 Romano
1698 3696 1747 3744 sst
1765 3691 1845 3758 erit,
1863 3707 1943 3746 aera-

558 3799 609 3849 que
633 3781 769 3835 militaria
792 3781 831 3834 cis
849 3783 944 3835 omnia
962 3781 1061 3835 narica
1078 3787 1162 3834 santo
1181 3782 1224 3848 (of.
1244 3781 1304 3834 adn.
1324 3782 1340 3833 5
1360 3782 1387 3832 et
1405 3779 1458 3846 24).
1496 3779 1550 3833 Ubi
1570 3780 1783 3848 comparativum
1801 3779 1942 3834 insolitum

558 3870 765 3927 sacrosanctius
784 3870 915 3939 explicari
933 3887 1012 3939 posse
1031 3869 1139 3938 putavit
1158 3867 1366 3921 Biiohelerus
1385 3867 1428 3936 (N.
1447 3867 1775 3923 Jan.Literaturz.1877.
1795 3868 1942 3936 6666692)
2031 3879 2035 3884 ’

557 3959 698 4013 vertendo:
721 3957 835 4026 beiiiper
853 3959 896 4012 als
914 3959 973 4012 Eiet
996 3957 1057 4011 rand
1073 3955 1274 4025 pottperoeilttes
1291 3954 1379 4023 Dinp.
1417 3953 1469 4008 Sed
1493 3955 1551 4008 sine
1576 3955 1658 4009 dubio
1677 3955 1830 4024 corruptela
1849 3956 1943 4009 subest

558 4050 599 4116 tut
623 4045 846 4102 Mommsenus
864 4047 882 4100 l.
902 4063 924 4101 c.
944 4065 969 4115 p.
991 4047 1042 4101 100
1061 4044 1215 4112 intellexit),
1235 4059 1315 4112 quam
1335 4042 1492 4110 sustuleris,
1512 4043 1536 4096 si
1556 4059 1661 4096 mecum
1680 4044 1832 4098 restitueris
1850 4058 1942 4097 sacro·

556 4135 756 4189 sanctnmins.
777 4135 896 4189 -Eam
922 4136 1090 4191 vacationem
1114 4149 1167 4187 non
1192 4132 1279 4186 solum
1304 4130 1425 4199 pontifici
1443 4131 1577 4196 Romano,
1602 4132 1649 4186 sed
1671 4133 1752 4186 etiam
1772 4133 1833 4188 aliis
1853 4149 1941 4188 sacer·

557 4223 665 4277 dotibus
684 4221 814 4278 Romanis
832 4224 917 4278 fuisso
935 4224 1032 4278 dooerrt
1049 4223 1102 4277 loci
1120 4222 1150 4275 in
1173 4222 1232 4275 adn.
1252 4219 1287 4274 86
1306 4220 1457 4288 perscripti.

647 4312 690 4381 tt)
711 4311 772 4367 Non
790 4313 881 4366 omnia
899 4313 1004 4366 foedera
1022 4315 1085 4380 post
1102 4309 1197 4365 foedus
1212 4309 1364 4364 Caudinum
1383 4311 1555 4364 sacrosancta
1571 4309 1657 4364 fuisse
1676 4310 1719 4380 (cf.
1738 4311 1799 4365 adn.
1814 4311 1859 4380 39)
1879 4328 1940 4364 cum

558 4402 655 4454 natura
672 4401 852 4455 recentiorum
871 4401 1016 4468 foederum,
1036 4414 1104 4468 quae
1123 4399 1268 4454 maximam
1289 4401 1390 4467 partem
1409 4399 1620 4469 haudquaquam
1638 4401 1715 4454 erant
1732 4399 1839 4454 foedera
1856 4414 1942 4468 aequa

557 4489 773 4558 (liarquardt,
793 4489 965 4545 Staatsrerw.
984 4489 1006 4550 l,
1027 4505 1051 4556 p.
1067 4489 1102 4541 44
1121 4487 1199 4556 squ),
1218 4489 1276 4540 tum
1295 4487 1419 4556 exempla
1436 4488 1551 4542 foederis
1571 4487 1706 4556 Gaditani,
1724 4487 1757 4541 de
1776 4504 1829 4556 quo
1849 4488 1941 4542 Cicero

557 4579 678 4648 disputat
701 4595 749 4646 pro
772 4578 857 4633 Balbo
881 4579 939 4647 (13,
963 4578 998 4632 30
1014 4608 1046 4616 -
1062 4577 1110 4646 24,
1133 4577 1191 4645 56),
1215 4577 1407 4646 foederumque
1430 4594 1492 4630 curn
1516 4577 1672 4630 nationibus
1696 4575 1801 4645 gallicis
1823 4576 1941 4629 ictorum

557 4667 622 4736 (Cio.
647 4666 724 4722 Balb.
751 4668 791 4734 li,
816 4667 860 4734 32)
889 4667 1081 4720 demonstrant.
1123 4665 1175 4720 Sed
1198 4665 1286 4719 multa
1308 4665 1361 4720 alia
1383 4665 1489 4720 foedera
1517 4668 1688 4720 sacrosancta
1710 4665 1796 4718 fuisse
1824 4680 1857 4718 ex
1885 4665 1942 4716 tota

557 4756 695 4812 Ciceronis
719 4755 901 4824 disputatione
925 4755 1026 4824 elucet,
1049 4771 1137 4824 nequa
1160 4755 1309 4809 averitate
1328 4755 1525 4822 aberrabimus,
1550 4755 1586 4822 si,
1612 4755 1644 4806 ut
1667 4752 1791 4820 exempla
1809 4753 1940 4821 quaedam

557 4845 697 4914 proferam,
721 4845 816 4900 foedus
840 4861 902 4898 cum
926 4843 1097 4898 Oanrertibus
1122 4844 1219 4911 iatum,
1245 4844 1315 4912 quod
1340 4843 1433 4898 Cicero
1456 4843 1670 4898 sacratissimum
1694 4843 1721 4894 et
1744 4841 1940 4910 aequissimum
