4674 6112
555 994 642 1076 quod
669 993 877 1058 obtestatione
905 1000 936 1057 et
964 995 1075 1078 capitis
1104 996 1304 1059 execratione
1331 995 1368 1058 fit
1391 999 1498 1079 (supra
1520 1017 1550 1079 p.
1575 997 1615 1058 21
1641 1016 1710 1080 sqq.
1735 1003 1766 1061 et
1785 997 1855 1062 adn.
1881 999 1945 1084 90),
2051 1011 2053 1016 “

554 1119 738 1198 concinnat
800 1117 996 1182 Precationis
1037 1120 1123 1183 enim
1160 1119 1331 1182 formulam
1371 1120 1453 1183 hano
1489 1120 1590 1184 fuisse
1628 1119 1705 1184 dicit
1737 1121 1768 1203 6,
1800 1122 1842 1184 89
1879 1121 1953 1206 ἀρά(

555 1263 584 1301 τε
622 1243 663 1316 τῷ
697 1240 777 1320 ὅρκῳ
813 1245 1001 1322 προσετέθη,
1038 1245 1101 1310 τοῖς
1135 1221 1195 1324 μὲν
1231 1241 1396 1323 ἐμπὲόοῢσι
1436 1241 1506 1311 τοὺς
1541 1242 1636 1312 θεοὺς
1676 1243 1746 1311 τούς
1782 1245 1945 1326 οὐρανίους

554 1367 637 1432 tiarae
665 1363 745 1425 εἶναι
777 1363 833 1426 καί
860 1364 1013 1446 δαίμονας
1035 1365 1105 1434 τοὺς
1127 1369 1374 1446 καταχθονίους,
1402 1369 1464 1433 τοῖς
1488 1365 1518 1428 δέ
1542 1369 1795 1450 παραβαίνουσιν
1817 1372 1944 1430 ἐναντία

553 1487 610 1548 καὶ
637 1485 677 1546 τὰ
706 1487 794 1568 παρὰ
821 1492 905 1549 θεῶν
936 1492 1082 1570 γίνεσθαι
1108 1489 1164 1550 καὶ
1192 1489 1232 1551 τοὶ
1264 1489 1354 1572 παρὰ
1381 1488 1540 1571 δαιμόνων
1566 1491 1606 1558 ὡς
1634 1490 1702 1572 ἄγει
1736 1495 1778 1567 τῷ
1812 1495 1944 1572 μεγίστῳ

554 1609 679 1690 ἐνόχοις.
716 1609 805 1686 Quae
828 1618 935 1678 autem
958 1615 1113 1676 τάναντία
1137 1617 1211 1696 sint,
1235 1615 1311 1679 dicit
1331 1615 1361 1696 7,
1381 1615 1421 1677 50
1445 1612 1502 1675 καί
1524 1613 1651 1682 στάντες
1673 1613 1724 1676 ἐπὶ
1746 1619 1807 1675 τῶν
1830 1619 1945 1696 τομίων

554 1735 631 1796 κατ’
666 1737 836 1807 ἐξωλείας
867 1741 1004 1798 ἑαυτῶν
1027 1760 1064 1799 τε
1095 1735 1161 1797 καί
1193 1742 1259 1798 τῶν
1291 1737 1486 1818 ἀπογόνων
1508 1738 1661 1820 ὠμόσατε.
1707 1739 1814 1804 Etiam
1842 1741 1943 1824 magis

553 1860 722 1941 perspicua
755 1859 975 1926 obtestationis
1007 1868 1039 1924 et
1071 1863 1317 1926 consecrationis
1350 1861 1485 1927 foederis
1519 1862 1707 1946 significatio
1739 1869 1788 1928 est
1822 1864 1873 1944 11,
1903 1865 1943 1925 55

470 2059 477 2076 Ι
553 1981 724 2062 δημάρχων
746 2029 752 2042 .
777 2029 782 2042 .
806 2030 813 2043 .
840 1984 893 2052 οὓς
920 1983 1019 2068 ἱεροὺς
1045 1984 1127 2046 εἶναι
1154 1988 1213 2046 καί
1242 1988 1391 2067 παναγεῖς
1418 1988 1617 2068 ἐψηφίσαντο
1649 1994 1679 2048 οί
1706 1991 1833 2066 πατέρες
1859 1987 1946 2066 ἡμῶν

553 2105 646 2172 θεοὺς
660 2106 716 2168 καί
730 2106 882 2188 δαίμονας
900 2107 1079 2189 ἐγγυητὰς
1098 2108 1305 2189 ποιησάμενοι
1318 2114 1385 2170 τῶν
1403 2110 1608 2190 ὁμολογιῶν
1625 2109 1682 2171 καί
1700 2110 1769 2178 τοὺς
1783 2113 1945 2192 μεγίστους

554 2229 663 2308 ὅρκους
681 2232 756 2292 κατ’
776 2232 946 2304 ’ἐξωλείας
970 2231 1088 2292 αὑτῶν
1110 2254 1146 2294 τε
1168 2232 1233 2293 καί
1257 2236 1324 2293 τῶν
1341 2233 1503 2312 ἐγγόνων,
1522 2233 1580 2294 ἐάν
1597 2257 1626 2294 τι
1645 2237 1866 2316 παραβαίνωσι
1884 2239 1945 2294 τῶν

554 2358 816 2436 συγκειμένων,
853 2354 1186 2437 κατομοσόμενοιῦῑ).
1240 2357 1368 2422 Foedus
1389 2331 1502 2442 igitur·
1520 2345 1605 2423 inter
1630 2365 1735 2442 patres
1764 2363 1796 2424 et
1818 2358 1944 2443 plebem
2040 2447 2042 2450 Ι

555 2481 601 2542 ita
623 2480 734 2562 ictum,
757 2487 795 2544 ut
818 2485 849 2545 et
871 2481 982 2564 populi
1001 2487 1031 2544 et
1050 2480 1153 2564 plebis
1171 2482 1300 2545 nomine
1324 2481 1532 2546 obtestatione
1555 2487 1588 2546 et
1609 2484 1810 2547 execratione
1834 2484 1945 2567 capitis

554 2601 805 2686 confirmaretur,
838 2606 907 2667 sine
941 2604 1038 2667 dubio
1071 2624 1135 2668 non
1168 2606 1277 2668 minus
1310 2611 1549 2669 sacrosanctum
1580 2605 1655 2688 fuit,
1688 2626 1786 2690 quam
1818 2607 1945 2672 foedera

554 2746 629 2789 cum
655 2725 787 2790 Gabinis
814 2733 846 2792 et
868 2727 990 2792 Latinis
1014 2729 1085 2792 iota.
1126 2727 1241 2811 Itaque
1264 2728 1355 2792 nulla
1377 2729 1459 2793 iuris
1481 2728 1602 2812 publici
1624 2731 1704 2793 ratio
1729 2729 1842 2811 obstat,
1865 2750 1944 2814 quo·

554 2851 663 2914 minus
687 2850 835 2915 tribunos
859 2870 896 2914 eo
920 2851 1044 2915 foedere
1068 2858 1288 2916 sacrosanctos
1311 2853 1413 2916 nisse
1437 2857 1623 2919 statuamus.
1661 2853 1730 2917 Iam
1749 2873 1825 2918 vero
1848 2873 1943 2919 nemo

553 2972 682 3057 negabit
704 2974 801 3037 verba
824 2973 907 3037 Livii
932 2977 961 3056 3,
982 2976 1033 3056 55,
1052 2974 1071 3036 6
1095 2973 1205 3040 relatis
1228 2975 1416 3056 quibusdam
1443 2996 1482 3040 cc
1509 2997 1622 3058 magno
1651 2977 1824 3042 interuallo
1843 2979 1942 3042 coeat

553 3097 668 3162 moniis
691 3098 795 3162 multo
820 3100 939 3162 maiore
961 3099 1031 3162 iure
1051 3099 1091 3162 ad
1113 3099 1250 3164 foederis
1273 3119 1358 3163 anuo
1385 3074 1448 3164 '305
1468 3121 1500 3164 u.
1520 3121 1544 3164 c.
1568 3103 1712 3166 renovati
1736 3103 1944 3166 caerimonias

553 3221 743 3305 refeniuu,
767 3243 863 3305 quam
887 3222 940 3286 vel
964 3224 1002 3286 ad
1025 3223 1251 3287 iusiurandum
1274 3223 1377 3307 plebis
1402 3224 1580 3307 seditiosae,
1604 3245 1685 3308 quae
1705 3225 1943 3308 Mommseni,

555 3345 605 3410 vel
637 3346 677 3408 ad
711 3346 952 3410 obtestationem
985 3343 1080 3431 legis,
1113 3367 1195 3431 quae
1223 3346 1411 3431 Herzogii
1438 3347 1471 3430 (1.
1495 3369 1520 3412 c.
1543 3370 1573 3433 p.
1599 3351 1673 3428 145)
1702 3352 1860 3414 sententia
1887 3354 1943 3430 est,

552 3468 803 3551 reltpc'oacchc,
834 3491 898 3553 qua
921 3471 1033 3535 Livius
1049 3474 1088 3554 ¹3,
1108 3473 1197 3552 55,7
1223 3470 1371 3535 tribunos
1399 3472 1567 3536 inviolatos
1597 3493 1672 3537 esse
1691 3474 1780 3554 dicit,
1807 3473 1942 3538 foederis

552 3593 739 3676 religionem
765 3613 849 3676 esse,
880 3614 946 3658 non
977 3596 1066 3660 illius
1088 3595 1299 3659 iurisiurandi
1327 3594 1428 3678 plebis
1462 3596 1644 3676 seditiosae,
1677 3597 1763 3679 quod
1787 3596 1943 3660 Momm-

554 3734 671 3782 senus
694 3737 732 3782 eo
757 3737 840 3782 anuo
863 3723 1054 3783 renovatum
1078 3719 1632 3802 essemdt,quamquamoonsu1es
1657 3738 1709 3784 eas
1734 3721 1942 3783 caerimonias

552 3841 762 3925 perfecerunt,
784 3862 850 3906 non
874 3841 996 3905 tribuni
1018 3843 1120 3925 plebis
1144 3845 1253 3925 (supra
1276 3863 1304 3925 p.
1325 3844 1344 3905 8
1369 3844 1501 3925 sq.)¹¹³).

618 4071 621 4078 ·
643 4051 704 4118 111)
724 4050 762 4105 Cf.
782 4051 861 4107 Dion.
881 4053 906 4119 c,
925 4051 968 4106 84.
988 4054 1013 4118 7,
1031 4052 1067 4105 43
1085 4052 1116 4105 in
1134 4051 1195 4106 adn.
1215 4053 1275 4108 110.

643 4138 705 4206 112)
725 4139 876 4194 Concordat
890 4141 973 4207 igitur
983 4140 1056 4193 Livii
1066 4141 1098 4194 de
1108 4141 1226 4194 tribunis
1241 4141 1328 4209 plebis
1342 4157 1404 4194 cam
1416 4141 1549 4209 religione
1563 4149 1621 4196 tem
1635 4144 1692 4212 lece
1705 4142 1844 4197 inviolatis
1860 4143 1938 4197 tactis

552 4227 671 4281 narratio
686 4243 748 4280 oum
764 4227 902 4282 Ciceronis
918 4229 1083 4283 sacrosancti
1098 4229 1261 4298 definitione,
1276 4232 1410 4298 quatenus
1424 4230 1453 4282 in
1467 4246 1499 4285 aa
1512 4231 1656 4286 obtestatio
1671 4232 1735 4300 {non
1749 4230 1817 4299 legis
1833 4232 1942 4300 quidem

553 4315 601 4368 sed
619 4315 746 4383 foederis)
769 4318 797 4369 et
819 4317 864 4370 lex
888 4333 973 4385 poena
991 4317 1085 4370 divina
1109 4321 1202 4371 sancta
1225 4333 1337 4385 prorsus
1356 4321 1494 4386 separatae
1513 4321 1590 4386 sunt;
1615 4321 1760 4374 concordat
1778 4320 1861 4388 igitur
1880 4320 1943 4374 cum

552 4419 584 4457 ea
603 4401 682 4456 aliter
700 4407 781 4472 atque
800 4404 989 4474 Herzogius
1008 4405 1036 4473 (l.
1051 4422 1074 4460 ο.
1089 4423 1114 4474 p.
1135 4406 1196 4474 145)
1216 4406 1343 4475 opinatur
1362 4407 1397 4476 (v.
1418 4423 1501 4476 supra
1518 4424 1543 4475 p.
1559 4407 1596 4477 8),
1616 4408 1664 4476 qui
1683 4409 1751 4463 duas
1770 4410 1942 4464 sanctionum

553 4491 746 4546 sacrandorum
764 4493 882 4547 rationes
901 4509 917 4547 a
935 4493 1062 4548 Cicerone
1081 4494 1225 4548 distinctae
1245 4512 1307 4548 cum
1326 4495 1355 4548 in
1374 4495 1500 4550 omnibus
1520 4496 1581 4551 aliis
1604 4496 1710 4565 iegibus
1734 4497 1860 4564 sacratis,
1884 4501 1942 4550 turn

552 4579 581 4632 in
599 4578 747 4634 tribunicia
765 4583 896 4648 potestate
914 4582 1083 4636 restituenda
1100 4583 1260 4638 coniunctas
1278 4583 1363 4638 tuisse
1381 4585 1521 4640 existimat
1539 4585 1567 4654 (l.
1587 4601 1609 4640 o.
1629 4602 1654 4654 p.
1676 4584 1745 4648 149).

643 4667 704 4738 113)
724 4668 783 4734 Qua
810 4671 958 4737 pertinacia
975 4669 1198 4726 Mommsenus
1222 4688 1303 4726 suum
1327 4673 1360 4726 de
1379 4676 1551 4728 sacrosancta
1568 4677 1701 4742 potestate
1720 4673 1866 4728 tribunicia
1883 4689 1942 4726 con

552 4757 673 4825 legitima
702 4757 798 4825 dogma
826 4757 946 4812 obtinere
969 4760 1091 4828 studeat,
1119 4760 1182 4814 inde
1205 4761 1356 4816 clarissime
1379 4761 1555 4830 perspicitur,
1585 4761 1657 4830 quod
1682 4777 1716 4814 ne
1740 4763 1943 4829 argutissimam

553 4845 662 4914 quidem
681 4846 780 4902 Tiberii
799 4847 915 4901 Gracchi
933 4849 1193 4917 argumentationem
1213 4851 1328 4918 sprevit,
1358 4865 1412 4919 qua
1430 4848 1476 4903 ille
1499 4851 1528 4903 in
1557 4850 1711 4904 defensione
1739 4850 1881 4919 abrogatae
1904 4849 1941 4904 Μ.
