4674 6112
389 1040 453 1084 non
472 1027 529 1102 est,
553 1021 630 1104 quia
648 1039 684 1084 ea
707 1039 741 1084 re
761 1019 954 1085 definitionis
973 1019 1196 1084 Ciceronianae
1215 1021 1393 1084 enuntiatio
1412 1020 1523 1104 prima,
1543 1041 1639 1103 quam
1658 1021 1776 1085 frustra

388 1143 608 1227 Herzogins
631 1144 842 1227 impugnavit,
866 1143 1072 1207 confirmatur
1094 1141 1137 1224 (v.
1163 1162 1260 1226 supra
1281 1163 1311 1226 p.
1338 1143 1401 1229 16).

477 1265 670 1330 Pontificum
694 1285 769 1330 vero
792 1266 1010 1331 Romanorum
1039 1272 1237 1330 sacrosancta
1263 1266 1395 1330 militiae
1422 1269 1630 1350 munerisque
1657 1267 1776 1350 publici

389 1391 519 1470 vacatio,
543 1408 626 1473 quae
649 1392 744 1454 etiam
773 1390 950 1472 auguribus
977 1395 1009 1454 et
1037 1390 1225 1454 decemviris
1254 1409 1416 1454 sacrorum
1445 1395 1477 1454 ct
1503 1393 1570 1474 regi
1599 1389 1775 1454 sacrificulo

388 1518 420 1576 et
443 1513 631 1577 curionibus
654 1513 905 1596 flaminibusque
928 1513 1099 1578 curialibus
1124 1515 1251 1595 (παιδί),
1272 1513 1336 1577 illis
1359 1516 1411 1596 ita,
1435 1519 1473 1577 ut
1495 1514 1655 1578 tumultus
1680 1513 1777 1577 Galli-

388 1655 447 1700 cus
470 1637 684 1720 exciperetur,
715 1639 807 1701 tertio
841 1637 962 1700 decimo
996 1642 1068 1720 post
1100 1637 1297 1700 invasionem
1322 1636 1475 1701 Gallicam
1504 1656 1588 1702 anno
1617 1638 1686 1722 lege
1713 1638 1775 1702 lata

388 1759 494 1824 datam
517 1778 588 1824 esse
616 1764 751 1824 testatur
772 1760 1023 1842 Plutarchusssl).
1070 1758 1141 1835 Qua
1167 1761 1201 1822 in
1228 1759 1298 1843 lege
1325 1780 1400 1824 oum
1430 1761 1497 1824 sola
1525 1763 1670 1844 exceptio
1693 1781 1776 1824 nova

387 1882 488 1948 brisso
510 1884 666 1965 videatur,
689 1884 759 1948 sine
782 1884 878 1947 dubio
902 1903 944 1948 ex
962 1885 1062 1948 huius
1079 1884 1181 1966 ipsius
1196 1884 1275 1968 legis
1289 1884 1433 1968 analogia
1449 1884 1604 1967 sequitur,
1627 1889 1665 1948 ut
1682 1884 1777 1968 plena

388 2011 481 2070 antea
512 2008 677 2072 vacatione
713 2008 766 2071 usi
798 2010 864 2072 sint
895 2027 937 2072 ex
968 2009 1038 2091 logo
1072 2007 1210 2096 quadam
1236 2009 1410 2072 vetustiore
1441 2007 1549 2091 paullo
1581 2012 1654 2090 post
1685 2027 1775 2092 reges

388 2135 518 2194 exactos
541 2130 611 2194 lata.
656 2128 749 2194 Duae
772 2137 880 2196 autem
903 2133 962 2196 hae
980 2132 1076 2215 legen,
1100 2151 1181 2214 quas
1204 2132 1389 2195 consulares
1412 2131 1513 2194 trisse
1536 2130 1695 2214 probabile
1719 2137 1777 2213 est,

387 2252 513 2336 legibus
536 2256 597 2336 eis,
627 2274 763 2337 quarum
788 2257 966 2320 sanctiones
990 2254 1198 2320 obtestatione
1221 2259 1253 2319 at
1275 2255 1511 2318 consecratione
1534 2254 1614 2338 legis
1637 2261 1776 2320 sacratae

389 2381 486 2458 erant,
509 2378 578 2442 iure
603 2378 806 2442 adnumerari
828 2385 994 2463 poterunt,
1023 2379 1176 2462 quoniam
1203 2381 1332 2461 propter
1363 2375 1521 2461 plebisciti
1544 2376 1627 2440 Icilii
1655 2384 1687 2442 et
1708 2379 1774 2462 ple-

387 2498 573 2564 biscitorum
601 2501 640 2566 de
667 2503 799 2566 coloniis
827 2503 948 2567 civium
975 2501 1195 2566 Romanorum
1220 2500 1414 2566 deducendis
1438 2501 1616 2586 analogiam
1640 2503 1776 2586 singulis

387 2620 511 2686 civibus
539 2625 610 2688 iura
632 2631 832 2690 sacrosancta
855 2627 899 2689 ita
922 2625 994 2689 data
1017 2644 1101 2706 esse,
1129 2631 1167 2689 ut
1192 2625 1247 2689 lex
1270 2625 1333 2688 lata
1354 2629 1463 2708 postea
1485 2626 1520 2687 in
1542 2625 1680 2689 comitiis
1703 2644 1776 2689 cen·

388 2747 514 2810 turiatis
538 2749 647 2813 calatis
672 2735 882 2814 obtestatione
906 2755 937 2813 at
960 2750 1198 2813 consecratione
1222 2754 1409 2830 sacraretur,
1430 2746 1593 2831 probabile
1616 2754 1672 2812 est

477 2869 617 2936 Foedera
640 2873 780 2957 danique
808 2873 899 2937 aliter
926 2877 1125 2936 sacrosancta
1153 2891 1224 2937 esse
1255 2891 1321 2936 non
1353 2873 1510 2955 potuisse,
1541 2872 1605 2935 nisi
1635 2872 1776 2955 populus

387 3013 600 3023 μη*-

477 3097 523 3167 86)
543 3098 598 3154 Cio.
623 3101 698 3154 acad.
721 3116 761 3168 pr.
786 3100 873 3168 2,38,
893 3099 943 3153 121
968 3105 995 3153 et
1016 3115 1079 3153 σανα
1101 3099 1296 3154 sacerdotes
1319 3099 1433 3153 ιλισναω
1455 3101 1626 3156 υασοιιόνιιω
1647 3099 1777 3165 babeant,

388 3191 495 3254 pacato
517 3193 558 3240 eat
580 3189 698 3255 aequius
721 3187 820 3240 babere
843 3189 918 3254 ι’μισε
941 3187 1020 3240 daos!
1055 3186 1129 3242 Plut.
1149 3187 1222 3242 Cam.
1246 3188 1278 3239 41
1300 3187 1481 3256 (v.adn.81)
1504 3187 1583 3258 ἱερεῖς
1606 3187 1673 3242 dicit
1695 3203 1775 3243 vaca·

389 3273 492 3327 tionem
511 3276 655 3343 accepisse.
692 3275 733 3328 De
751 3275 901 3343 auguribus
921 3275 1039 3330 dubitari
1057 3292 1111 3329 nou
1130 3278 1226 3344 potest,
1246 3275 1374 3343 quoniam
1393 3275 1513 3331 coloniae
1528 3277 1674 3332 Genetiraa
1692 3292 1776 3345 augu-

387 3360 464 3416 ribus
474 3361 538 3417 data
547 3365 589 3416 ast
598 3363 656 3432 lege
665 3363 737 3418 Iulia
747 3363 817 3432 (adn.
829 3363 881 3432 76).
901 3363 942 3416 De
952 3363 1113 3417 decemviris
1123 3377 1262 3417 sacrorum
1272 3362 1305 3416 ol.
1315 3361 1394 3416 Ilion.
1405 3363 1431 3430 4,
1441 3363 1477 3418 62
1489 3363 1559 3424 μετὰ
1569 3365 1596 3414 δὲ
1605 3367 1655 3431 τὴν
1668 3364 1776 3430 ἐκβολὴν

386 3455 439 3502 τῶν
462 3452 591 3516 βασιλέων
615 3449 631 3517 ῆ
654 3450 732 3510 πόλις
754 3449 932 3516 ἀναλαβοῦσα
954 3450 1004 3518 τῆν
1021 3454 1074 3500 τῶν
1090 3451 1214 3520 χρησμῶν
1232 3450 1401 3519 προστασίαν
1427 3450 1528 3522 ἄνδρας
1549 3471 1579 3503 τε
1597 3451 1661 3510 τοὺς
1680 3451 1776 3510 ἐπιφα-

387 3538 532 3597 νεστάτους
550 3537 740 3590 ἀποδείκνυσιν
758 3537 848 3591 αιίτῶν
866 3539 994 3602 φύλακας,
1019 3538 1044 3589 οῖ
1063 3539 1110 3589 διά
1127 3538 1189 3604 βίου
1207 3537 1310 3605 ταύτην
1329 3539 1419 3601 έχουσι
1438 3538 1487 3605 τῆν
1506 3538 1660 3600 ἐπιμέλειαν
1678 3558 1775 3610 στρα-

386 3629 483 3678 τειῖιν
502 3625 675 3688 ἀφειμένοι
701 3629 754 3679 καί
780 3631 842 3680 τῖιν
861 3628 963 3679 ἀλλων
980 3630 1041 3678 τῶν
1061 3627 1144 3677 κατά
1166 3625 1224 3694 τῆν
1250 3625 1348 3677 πόλιν
1371 3631 1616 3697 πραγματειῶν.
1653 3628 1695 3682 De
1713 3644 1775 3697 rege

388 3715 539 3770 sacrificulo
563 3717 595 3771 cl.
615 3717 694 3772 Dion.
713 3718 740 3786 4,
760 3719 794 3772 74
812 3715 858 3769 ἰνα
882 3719 910 3768 δι’
934 3717 979 3768 καί
1001 3714 1123 3776 τοῦνομα
1145 3717 1192 3781 τῆς
1215 3716 1354 3781 βασιλικῆς
1378 3713 1498 3774 ἐξουσίας
1516 3715 1633 3786 πάτριον
1651 3713 1776 3787 ε’·πάρχον

388 3801 450 3869 ἡμῖν
477 3806 523 3855 καί
550 3804 599 3856 σείν
627 3804 730 3863 οἰωνοῖς
752 3805 852 3864 αἰσίοις
877 3809 947 3857 θεῶν
970 3802 1188 3873 ἐπικυρωσάντων
1219 3802 1410 3874 παρεληλυθὸς
1439 3803 1475 3862 εἰς
1503 3803 1552 3871 τῆν
1580 3804 1660 3855 πόλιν
1690 3802 1775 3870 αὐτῆς

387 3891 463 3942 ἕνεκα
485 3896 532 3959 τῆς
551 3891 627 3952 ὁσίας
644 3894 826 3963 φυλάττηται,
850 3893 926 3965 ίεριῖιν
949 3890 1157 3945 ἀποδεικνύσθω
1180 3909 1221 3949 τις
1238 3891 1363 3956 βασιλεὺς
1391 3891 1406 3944 d
1428 3894 1477 3962 τὴν
1494 3893 1575 3961 τιμῆν
1592 3892 1695 3959 ταύτην
1714 3892 1775 3948 ἑῖων

387 3980 433 4030 deal
456 3981 518 4045 βίου
541 3981 648 4050 πάσης
671 3981 919 4045 ἀπολελυμένος
945 3983 1126 4046 πολεμικῆς
1149 3979 1203 4030 καὶ
1227 3982 1402 4049 πολιτικῆς
1426 3980 1594 4046 ἀσχολίας.
1631 3983 1657 4049 5,
1677 3981 1691 4032 1
1711 3980 1776 4040 τούς

387 4065 547 4139 ίεροφάντας
565 4090 595 4121 τε
614 4072 660 4122 καί
679 4070 868 4133 οἰωνομάντεις
886 4069 1024 4122 ἐκέλευσαν
1043 4065 1186 4124 ἀποδεῖξαι
1203 4067 1251 4119 τὸν
1270 4068 1490 4137 ἰπιτηιλειάιατον
1507 4073 1560 4121 τῖεν
1583 4069 1774 4140 πρεσβυτέρων,

387 4157 416 4216 ὃς
435 4155 543 4217 οὐδενὸς
562 4159 671 4225 ἤμελλεν
689 4159 756 4216 ἱῖειν
771 4161 862 4230 ἑτέρου
876 4159 946 4226 πλὴν
959 4161 1012 4208 τῖιν
1030 4159 1093 4227 περί
1112 4157 1148 4207 τά
1164 4160 1229 4208 θεῖα
1244 4162 1381 4223 σεβασμῶν
1394 4159 1445 4224 τῆν
1458 4158 1628 4230 προστασίαν
1646 4155 1775 4224 ἀπάσης

387 4247 600 4317 λειτουργίας
623 4249 802 4316 πολεμικῆς
826 4248 880 4299 καί
899 4249 1075 4312 πολιτικῆς
1093 4242 1269 4305 ἀφειμένος
1292 4244 1368 4317 ἰιρῖιν
1387 4247 1549 4308 καλούμενος
1566 4243 1700 4312 βασιλεύς.
1734 4245 1774 4298 De

387 4335 545 4391 ourionibus
569 4339 597 4390 et
618 4337 776 4392 flaminibus
796 4336 953 4404 curialibus,
977 4337 1025 4404 qui
1049 4334 1162 4389 militiae
1181 4335 1348 4389 vacationem
1367 4339 1477 4405 propter
1499 4338 1614 4390 aetatem
1632 4333 1774 4401 habebant,

387 4427 420 4480 ol.
443 4425 523 4480 Dion.
548 4425 573 4494 2,
593 4425 625 4480 21
645 4424 759 4483 τούτους
782 4427 811 4476 δὲ
834 4423 883 4476 οὐκ
907 4423 945 4482 εἰς
968 4421 1110 4494 ὡρισμένον
1127 4421 1190 4474 τινά
1207 4422 1304 4493 χρόνον
1322 4424 1372 4483 τάς
1389 4423 1470 4486 τιμάς
1489 4424 1579 4479 ἔταξεν
1598 4425 1680 4486 ἔχειν,
1705 4418 1775 4472 ἀλλά

387 4511 433 4563 daal
452 4512 554 4572 παντὸς
577 4518 627 4564 τοῦ
651 4513 712 4579 βίου
736 4517 914 4584 στρατειῶν
940 4513 997 4575 μὲν
1021 4509 1288 4572 ἀπολελυμένους
1315 4511 1370 4562 aaa
1397 4513 1456 4578 τὴν
1484 4508 1628 4579 ἧλικίαν,
1656 4515 1714 4562 τῶν
1742 4511 1775 4560 ol

388 4601 470 4652 κατά
493 4601 551 4669 τῆν
570 4601 668 4653 πόλιν
686 4600 826 4672 ὀχληρῶν
844 4600 901 4652 aad
918 4600 976 4652 τὸν
993 4599 1100 4660 νόμον.

475 4690 521 4760 87)
540 4691 573 4746 In
591 4691 649 4746 vila
664 4690 773 4745 Camilli
787 4692 820 4743 41
841 4687 910 4743 οὕτω
929 4679 1006 4742 o’odv
1025 4685 1040 4739 ὃ
1059 4685 1139 4753 φόβος
1159 4677 1191 4754 ἦν
1209 4686 1317 4758 ἰσχυρὸς
1336 4686 1402 4739 ἰιστε
1419 4688 1525 4739 θέσθαι
1544 4687 1625 4748 νόμον
1639 4683 1774 4746 ἀφεῖσθαι

387 4780 450 4838 τοὺς
469 4780 548 4851 ἱερεῖς
577 4781 727 4851 στρατείας,
752 4781 833 4851 χωρὶς
860 4777 895 4830 σ’ἰν
921 4777 959 4846 μῆ
977 4775 1128 4834 Γαλατικὸς
1156 4767 1172 4845 ᾗ
1200 4775 1323 4838 πόλεμος.
1361 4777 1488 4832 Italicum
1507 4775 1656 4830 tumultum
1674 4775 1704 4828 in
1722 4775 1773 4828 hac

386 4871 445 4940 lege
464 4887 526 4925 oum
546 4869 649 4926 Gallico
668 4868 886 4938 coniungendam
906 4883 965 4922 osse
983 4867 1042 4921 iure
1062 4867 1133 4920 dixit
1150 4865 1370 4922 Mommsanus
1387 4865 1501 4935 (epham.
1512 4865 1595 4934 epigr.
1605 4864 1655 4932 lIl,
1665 4881 1690 4932 p.
1702 4862 1773 4930 100).
