4674 6112
1031 817 1482 888 *8*-

568 1049 634 1112 quo
658 1049 741 1092 anno
765 1031 936 1112 Augustus
966 1027 1134 1091 consulatu
1164 1045 1197 1090 se
1225 1025 1382 1089 abdicavit
1408 1017 1676 1104 tribuniciaque
1702 1027 1889 1106 potestatem
1918 1029 1949 1087 ct

567 1157 752 1236 perpetuam
777 1159 808 1217 et
831 1172 971 1216 annuam
1001 1151 1179 1214 consulatui
1203 1147 1439 1234 praeferendam
1463 1167 1532 1211 esse
1561 1147 1758 1228 docrevit¹⁶t,
1780 1148 1949 1230 perfecisse

567 1276 766 1339 arbitremur.
812 1275 922 1339 Certos
955 1275 1084 1360 quidem
1117 1293 1226 1338 aarum
1259 1274 1555 1357 interpretationum
1589 1276 1735 1335 auctores
1768 1272 1949 1335 coniectura

470 1403 479 1424 ⁸
568 1402 697 1483 assequi
719 1421 786 1464 non
804 1419 986 1483 possumne,
1011 1398 1066 1462 sed
1085 1419 1102 1460 a
1120 1397 1338 1481 probabilitate
1357 1416 1420 1459 non
1440 1395 1627 1477 abhorrebit,
1650 1397 1678 1459 si
1696 1395 1825 1468 alterins
1845 1397 1949 1458 utrius

569 1530 728 1588 auctorem
753 1523 786 1587 C.
809 1523 990 1588 Trebatium
1014 1523 1137 1586 Vestam
1161 1523 1269 1586 fuisse
1284 1522 1523 1601 coniecerimuS,
1547 1538 1642 1603 quem
1666 1525 1698 1584 et
1720 1521 1753 1582 in
1774 1519 1854 1584 libro
1877 1519 1949 1583 reli·

567 1647 701 1732 gionum
726 1667 810 1742 nouo
836 1648 874 1711 de
897 1648 1037 1710 hominis
1062 1648 1140 1710 socri
1165 1647 1293 1710 notione
1317 1649 1420 1730 egisse
1431 1647 1471 1725 16)
1495 1626 1588 1708 et'ab
1607 1645 1757 1728 Augusto
1776 1645 1856 1707 tanti
1879 1663 1949 1708 esse

570 1774 783 1853 aestimatum,
806 1779 843 1835 ut
866 1771 904 1835 ab
928 1791 965 1835 eo
990 1773 1023 1834 in
1047 1769 1143 1835 rebus
1168 1771 1205 1834 ad
1229 1772 1281 1834 ius
1304 1769 1537 1854 pertinentibus
1563 1769 1763 1833 consiliarius
1791 1767 1950 1832 adhibere·

569 1899 680 1978 111117),
703 1901 834 1959 constat

652 2021 721 2102 ¹Sed
744 2025 818 2083 utut
842 2020 962 2083 dehac
986 2021 1167 2084 coniectura
1189 2019 1394 2100 iudicabitur,
1422 2024 1544 2081 certum
1572 2025 1620 2080 ost
1643 2023 1789 2081 ncubam
1813 2017 1947 2081 duarum

568 2145 697 2208 illarum
721 2144 801 2228 legis
819 2143 964 2233 Valeriae
983 2143 1134 2208 Horatiae
1157 2144 1454 2226 interpretationum
1478 2141 1638 2204 Ciceronis
1662 2143 1854 2205 sacrosancti
1877 2141 1950 2206 defi·

568 2270 684 2332 nitioni
711 2268 947 2352 praeferendam
977 2288 1046 2332 esse
1075 2269 1305 2350 veritatemque
1339 2268 1484 2330 omnium
1513 2267 1625 2348 harum
1653 2267 1949 2349 interpretationum

570 2391 610 2456 ab
635 2413 672 2456 ea
696 2393 884 2475 quaestione
908 2392 1059 2475 pendere,
1081 2399 1191 2456 utrum
1217 2411 1291 2454 cunr
1316 2390 1474 2455 Ciceronis
1502 2390 1556 2454 illa
1581 2389 1768 2453 'definitione
1791 2389 1951 2453 conciliari

569 2519 696 2600 possint
719 2535 828 2580 necne.
875 2515 1061 2580 Venianam
1087 2521 1194 2579 autem
1223 2515 1441 2579 definitionem
1469 2534 1532 2578 non
1561 2515 1655 2578 modo
1685 2514 1846 2578 Ciceronis
1875 2513 1951 2578 defi-

569 2643 684 2704 nitioni
706 2641 973 2724 postponendam,
1006 2640 1060 2703 sed
1088 2641 1240 2702 minimae
1272 2641 1466 2702 auctoritatis
1499 2657 1569 2703 esse
1601 2644 1701 2721 patet3
1735 2657 1808 2700 nam
1841 2644 1952 2701 auctor

570 2767 641 2828 cius
672 2764 863 2829 definitionis
892 2763 1194 2828 iurisconsultorum
1222 2765 1510 2846 interpretationem
1535 2763 1614 2846 logis
1637 2761 1780 2826 Valeriae
1802 2761 1971 2826 Horatiae

570 2889 702 2952 alteram
722 2909 795 2952 cum
815 2889 944 2972 vulgata
962 2889 1032 2952 eius
1051 2886 1129 2971 legis
1147 2882 1541 2971 interpretatione'temere
1560 2888 1843 2968 contaminavit¹⁸).
1882 2885 1949 2949 lam

571 3015 810 3096 hincapparet,
843 3031 901 3075 cur
923 3010 1156 3076 Mommseno
1189 3013 1374 3096 adstipulari
1402 3032 1465 3076 non
1494 3013 1627 3096 possim,
1661 3031 1734 3075 nam
1767 3013 1949 3094 interpreta-

571 3139 659 3201 tione
691 3137 756 3219 illa,
788 3157 884 3220 quam
912 3135 1025 3200 Livius
1049 3157 1067 3200 a
1089 3138 1170 3201 iuris
1199 3136 1424 3222 interpretibus
1450 3139 1611 3220 repetivit,
1642 3157 1733 3201 suam
1767 3137 1952 3216 doctrinam,

568 3282 668 3346 ¹quam
697 3281 772 3325 cum
801 3260 961 3326 Ciceronis
989 3260 1172 3326 definitione
1202 3262 1361 3326 conciliari
1394 3281 1458 3324 11111
1486 3281 1580 3345 posse
1607 3263 1675 3346 ipse
1703 3261 1847 3325 coneedit
1873 3259 1904 3341 (l.
1925 3280 1950 3322 o.

569 3407 599 3470 p.
625 3387 701 3468 592,
723 3386 793 3449 adn.
820 3387 859 3468 1),
882 3387 1111 3470 superstruxit,
1137 3388 1334 3469 quinetiam
1358 3386 1467 3466 verba,
1491 3363 1611 3470 quibus
1635 3388 1702 3470 ipse
1725 3385 1850 3466 Liviae,
1874 3403 1952 3468 quo·
1988 3409 1990 3414 ¹

571 3511 669 3576 modo
701 3510 850 3575 consules
884 3517 1114 3574 sacrosanctam
1142 3510 1331 3575 tribuniciae
1358 3511 1521 3592 potestatis
1554 3516 1699 3573 naturam
1727 3510 1952 3588 restituissent,

570 3637 720 3716 narravit,
734 3653 816 3717 quae
831 3633 938 3716 verba,
952 3641 989 3699 ut
1003 3634 1216 3718 Herzogius
1227 3635 1258 3715 (l.
1271 3655 1295 3697 o.
1306 3654 1336 3716 p:
1349 3635 1423 3712 145)
1439 3633 1520 3696 bene
1535 3635 1643 3716 sensit,
1657 3653 1730 3697 cum
1748 3631 1951 3696 Ciceroniana

574 3760 757 3824 definitione
781 3758 983 3840 concordant,
1005 3765 1042 3822 ut
1065 3777 1102 3822 ea
1125 3777 1203 3821 suae
1222 3758 1384 3822 doctrinae
1407 3759 1667 3838 accommodaret,
1689 3757 1765 3821 falso
1788 3759 1833 3820 ita
1855 3759 1951 3821 inter·

573 3889 715 3969 pretatus
748 3889 811 3964 est,
844 3889 880 3945 ut
912 3881 1025 3945 relatas
1054 3900 1095 3944 ex
1123 3901 1239 3964 magno
1268 3881 1433 3945 intervallo
1462 3883 1670 3945 caerimonias
1698 3889 1729 3945 et
1756 3883 1952 3967 religionem,

660 4094 704 4162 15)
723 4093 774 4146 Dio
793 4095 836 4159 53,
856 4091 902 4158 32,
922 4093 954 4145 11.
974 4090 1033 4146 Tac.
1053 4107 1113 4146 ann.
1134 4093 1159 4160 3,
1178 4092 1221 4147 56.

659 4181 703 4251 16)
723 4181 837 4235 Macrob.
858 4183 883 4248 3,
903 4182 927 4248 7,
945 4180 977 4246 8;
997 4180 1030 4234 cf.
1050 4180 1075 4246 3,
1095 4181 1120 4246 3,
1140 4180 1163 4235 2.
1192 4182 1217 4234 4.
1238 4182 1262 4235 5.
1292 4181 1316 4247 3,
1336 4181 1360 4248 5,
1382 4182 1405 4232 l.

588 4289 591 4298 ·
659 4268 820 4338 17)11111111.
839 4270 924 4324 instit.
945 4269 968 4322 2.
989 4269 1030 4323 25.

663 4359 705 4424 18)
724 4358 783 4412 Hoc
812 4359 851 4412 ita
873 4374 933 4412 esse
955 4358 1017 4411 inde
1041 4357 1143 4426 prodit,
1173 4357 1244 4426 quod
1268 4357 1351 4412 rerba
1373 4359 1401 4412 in
1424 4358 1484 4426 ipsa
1508 4359 1663 4415 definitione
1686 4361 1786 4429 posita:
1814 4366 1847 4414 ut
1869 4366 1953 4412 ruorte

566 4465 675 4517 procace
688 4447 822 4515 penderet
840 4446 938 4501 docent
955 4451 1091 4502 auctorem
1111 4447 1301 4501 iusiurandum
1316 4447 1450 4500 eiusmodi
1464 4447 1491 4500 in
1507 4449 1595 4502 11111111
1609 4449 1745 4516 habuisse,
1765 4465 1818 4518 quo
1832 4449 1952 4503 iurantes

571 4538 694 4592 vindices
710 4553 739 4591 sc
754 4538 810 4591 forc
826 4537 990 4591 sacrosancti
1004 4535 1070 4590 laesi
1086 4535 1274 4604 promitterent
1289 4537 1332 4605 (cf.
1348 4533 1526 4602 Luebbert,
1543 4553 1638 4591 comm.
1657 4539 1751 4606 pontif.
1770 4537 1858 4592 Berol.
1875 4537 1950 4591 1857.

488 4695 489 4698 Ἰ
571 4645 596 4696 p.
623 4626 679 4695 15),
703 4642 771 4695 quaa
795 4626 847 4680 fuit
871 4625 929 4679 eine
953 4625 1035 4679 dubio
1059 4625 1193 4679 sententia
1216 4624 1403 4678 iurisconsulti
1426 4625 1533 4680 Liviani
1557 4627 1724 4694 interpretis,
1752 4627 1838 4681 nihilo
1862 4629 1956 4680 autom·

571 4715 662 4768 miuus
680 4714 752 4768 idem
770 4717 864 4769 auctor
883 4713 992 4768 Catonis
1010 4715 1171 4769 auctoritate
1190 4714 1289 4768 ductus
1307 4715 1336 4767 in
1362 4714 1452 4768 verbis
1475 4715 1713 4782 subsequentibus
1726 4713 1826 4768 aediles
1845 4729 1951 4783 quoquc

572 4807 758 4857 sacrosanctos
781 4819 840 4856 esso
864 4803 942 4870 dixit,
967 4805 1015 4873 qui
1037 4820 1070 4856 111
1094 4803 1205 4873 vulgata
1228 4803 1296 4872 legis
1319 4803 1442 4858 Valeriae
1465 4803 1591 4857 Horatiae
1614 4802 1847 4870 interpretatione,
1871 4817 1952 4870 quam

571 4890 666 4946 falsam
691 4907 750 4944 esse
770 4892 983 4946 iurisconsultus
1001 4892 1133 4947 Livianus
1152 4893 1230 4960 dixit,
1251 4894 1417 4947 sacrosancti
1435 4895 1517 4946 erant.
