4674 6112
454 999 456 1003 ι
532 969 692 1045 mentum,
720 983 784 1045 quo
807 963 925 1027 milites
949 981 983 1028 se
1006 963 1259 1045 obstrinxerunt,
1288 965 1344 1028 sed
1367 963 1420 1027 lex
1445 963 1483 1028 de
1505 965 1642 1046 ratione,
1675 983 1740 1047 qua
1762 965 1919 1047 periculo-

532 1088 668 1152 sissimis
691 1086 888 1169 temporibus
913 1085 1046 1150 dilectus
1071 1087 1237 1152 habendus
1261 1092 1355 1169 esset,
1373 1089 1602 1170 vetustissima,
1622 1087 1848 1171 distinguenda
1865 1088 1921 1152 illa

533 1211 663 1295 quidem
687 1231 706 1273 a
728 1211 798 1293 lege
820 1229 905 1274 nova
928 1210 967 1273 de
991 1210 1109 1275 dilectu
1132 1211 1292 1293 habende,
1316 1231 1413 1294 quam
1435 1210 1548 1276 Livius
1572 1233 1591 1275 a
1613 1210 1810 1276 Samnitibus
1834 1232 1920 1275 anno

532 1335 595 1396 461
620 1354 652 1397 u.
677 1353 702 1396 c.
725 1333 923 1398 observatam
947 1353 1017 1398 esse
1041 1334 1118 1398 dicit
1140 1335 1248 1418 (supra
1270 1356 1299 1418 p.
1324 1335 1380 1420 20)
1394 1337 1460 1415 ¹⁰⁵).

620 1457 728 1520 Plebis
750 1458 848 1540 igitur
869 1458 1090 1540 iureiurando,
1113 1463 1150 1522 ut
1171 1459 1297 1542 largiar,
1320 1459 1407 1541 quod
1431 1435 1519 1522 salva
1540 1477 1612 1522 mee
1635 1460 1793 1523 sententia
1810 1460 1922 1543 largiri

531 1601 675 1666 possum,
697 1600 762 1644 non
782 1583 984 1663 sacrosancti,
1003 1581 1058 1644 sed
1078 1582 1172 1661 quasi
1194 1583 1389 1647 sacrosancti
1412 1588 1501 1646 erant
1524 1581 1643 1646 tribuni
1666 1582 1766 1665 plebis
1784 1583 1819 1646 in
1839 1583 1922 1646 sedi-

532 1707 618 1770 tione
638 1706 733 1770 creati
752 1724 857 1788 usque
876 1706 916 1768 ad
935 1705 967 1768 id
986 1710 1122 1789 tempus,
1146 1726 1211 1789 quo
1229 1689 1286 1770 int
1304 1707 1373 1791 lege
1394 1707 1438 1787 (id
1458 1707 1544 1790 quod
1561 1705 1778 1790 Herzogius
1797 1707 1922 1787 voluit),

532 1836 589 1894 aut
614 1830 739 1894 foedere
766 1829 899 1911 legitimi
928 1835 959 1892 et
987 1849 1061 1894 vere
1089 1831 1282 1894 sacrosancti
1305 1830 1406 1914 plebis
1429 1829 1592 1894 Romanae
1615 1831 1822 1912 magistratus
1845 1829 1920 1892 facti

533 1959 617 2017 sunt.
666 1953 779 2036 Neque
808 1955 892 2016 enim
922 1953 1007 2036 quod
1032 1953 1145 2018 Caesar
1172 1955 1206 2016 in
1235 1959 1434 2018 sacrosancta
1461 1954 1630 2016 tribunicia
1657 1957 1812 2036 potestate
1835 1953 1922 2016 laesa

532 2077 755 2141 iusiurandum
779 2078 902 2141 laesum
926 2077 1042 2160 pressit
1066 2076 1149 2157 (adn.
1175 2079 1240 2162 98),
1267 2082 1322 2141 aut
1346 2077 1431 2160 quod
1454 2079 1488 2140 in
1512 2077 1714 2141 tribunorum
1738 2076 1866 2140 Marulli
1890 2081 1923 2140 et

532 2199 667 2264 Caesetii
691 2220 787 2264 causa
806 2200 933 2264 Caesari
951 2220 1015 2264 non
1036 2201 1142 2264 solum
1164 2201 1218 2264 lex
1240 2201 1326 2264 laesa
1349 2201 1405 2264 sed
1429 2202 1523 2264 etiam
1547 2200 1772 2264 iusiurandum
1796 2200 1921 2264 laesum

532 2325 658 2388 crimini
682 2342 812 2387 versum
836 2330 885 2387 est
912 2324 995 2405 (adn.
1021 2324 1090 2408 97),
1122 2325 1248 2387 etiamsi
1280 2323 1528 2388 concederemus
1555 2325 1633 2388 haec
1660 2324 1700 2387 ad
1728 2323 1830 2407 plebis
1853 2325 1921 2387 ius-

531 2449 703 2512 iurandum
726 2448 890 2512 referenda
913 2466 993 2528 esse,
1015 2447 1048 2509 id
1077 2447 1162 2530 quod
1187 2447 1427 2512 concedendum
1455 2467 1520 2511 non
1544 2453 1600 2530 est,
1623 2448 1776 2510 maiorem
1798 2447 1831 2510 id
1854 2449 1919 2510 rim

532 2573 669 2654 haberet,
692 2591 789 2656 quam
809 2569 952 2634 Caesaris
974 2569 1214 2633 interfectorum
1238 2571 1447 2635 iurisiurandi
1471 2572 1510 2634 da
1532 2590 1631 2654 regno
1651 2570 1805 2635 abolendo
1824 2572 1921 2636 inter-

454 2705 457 2712 '
530 2697 672 2780 prelatio,
728 2695 831 2758 Immo
865 2695 949 2758 sicut
974 2695 1078 2762 'huius
1110 2695 1317 2758 iurisiurandi
1353 2696 1403 2758 vis
1446 2695 1590 2776 evanuit,
1632 2695 1827 2779 simulatque
1866 2696 1921 2760 lex

532 2819 661 2883 Valeria
688 2819 726 2882 de
754 2807 906 2882 lucrando
934 2836 1009 2880 cum
1037 2815 1131 2880 bonis
1154 2818 1256 2900 capite
1279 2819 1363 2898 eiua,
1396 2820 1453 2902 qui
1475 2819 1565 2902 regni
1589 2819 1765 2901 occupandi
1789 2820 1921 2883 consilia

531 2945 658 3024 inisset,
695 2943 757 3006 lata
789 2945 852 3022 est,
883 2942 927 3004 ita
954 2940 1054 3023 plebis
1083 2941 1292 3004 iurisiurandi
1315 2942 1365 3006 vis
1393 2943 1532 3023 evanuit,
1556 2943 1691 3006 simulac
1718 2941 1920 3007 tribunorum

531 3067 632 3152 plebis
658 3070 797 3150 potestas
824 3065 876 3128 vel
902 3065 971 3148 lege
994 3065 1047 3128 rel
1074 3065 1199 3129 loedere
1221 3084 1297 3130 rere
1321 3071 1520 3130 sacrosancta
1541 3066 1623 3129 facta
1645 3072 1701 3131 est.

621 3189 705 3274 Lege
724 3193 832 3254 autem
852 3189 1014 3252 dictatoria
1023 3188 1075 3252 Μ’.
1083 3189 1204 3255 Valerii
1214 3189 1358 3272 Maximi,
1377 3210 1442 3273 qua
1458 3189 1559 3273 plebis
1579 3189 1745 3255 seditiosae
1758 3191 1921 3254 iusiuran-

533 3316 610 3380 dum
631 3315 722 3398 quasi
740 3313 780 3376 ad
797 3313 878 3377 iuris
892 3311 1011 3396 publici
1024 3333 1169 3377 normam
1183 3314 1347 3378 redactum
1362 3320 1456 3396 esset,
1474 3333 1543 3378 eam
1557 3320 1792 3380 sacrosanctam
1805 3315 1920 3378 facum

532 3458 603 3503 esse
621 3437 813 3522 Herzogio
832 3438 862 3516 (l.
882 3457 907 3500 c.
927 3457 956 3519 p.
974 3436 1036 3498 146
1056 3439 1137 3520 sqq.)
1148 3439 1204 3516 101)
1224 3437 1395 3501 concedere
1413 3457 1478 3501 non
1497 3457 1638 3520 possum.
1675 3439 1757 3502 Nam
1778 3439 1865 3522 quod
1885 3440 1919 3501 in

532 3665 687 3721 exercita
710 3672 789 3719 renota
812 3664 960 3732 improviso
984 3669 1078 3717 rosim
1107 3665 1137 3732 Q.
1162 3664 1287 3718 Minucii
1304 3665 1483 3732 procurrentia
1505 3665 1632 3733 adpresai
1653 3671 1727 3720 runt.
1769 3665 1840 3721 Plin.
1864 3669 1919 3722 nat

532 3754 597 3808 hist.
612 3753 655 3822 34,
670 3755 695 3820 7,
713 3754 748 3808 43
763 3753 868 3818 feritet
885 3751 1026 3806 Curtilius
1039 3753 1140 3819 Iovem,
1159 3753 1209 3820 qui
1226 3759 1266 3806 cst
1283 3753 1315 3804 ia
1334 3752 1478 3820 Capitolio,
1497 3753 1575 3806 ciclis
1590 3752 1763 3807 Samnitibus
1781 3760 1922 3808 sacrata

533 3843 603 3911 iope
617 3841 815 3910 papianillae
830 3857 844 3894 e
853 3840 1042 3908 pectoralibus
1056 3841 1303 3908 eoramocrcisqna
1322 3845 1347 3893 et
1363 3841 1458 3908 paleis.
1487 3839 1561 3906 Quae
1575 3840 1658 3894 rerba
1676 3841 1710 3894 ad
1728 3841 1800 3895 idem
1819 3842 1921 3896 bellum

533 3933 664 3999 spactant,
684 3931 716 3984 de
735 3946 789 3998 quo
807 3929 867 3984 Lir.
889 3929 931 3997 10,
950 3928 985 3982 38
1003 3928 1132 3998 loquitur.

623 4019 685 4088 105)
705 4018 743 4072 Cf.
769 4019 829 4072 adu.
854 4017 896 4072 52.
934 4017 1076 4072 Vetustior·
1098 4017 1147 4072 illa
1169 4017 1213 4071 lex
1238 4018 1271 4072 (le
1295 4017 1396 4071 dilectu
1419 4017 1541 4072 habendo
1560 4017 1681 4070 eiusdem
1700 4017 1832 4073 nimirum
1851 4023 1920 4074 tem·

533 4107 607 4176 poris
630 4108 684 4174 ast,
709 4123 762 4175 quo
781 4107 855 4169 ,ritus
879 4105 1043 4161 sacramenti
1066 4108 1193 4160 vetustus
1217 4106 1288 4174 (Lis.
1308 4105 1350 4173 10,
1370 4103 1413 4173 38,
1432 4105 1459 4174 2)
1483 4105 1628 4160 institutus
1651 4109 1706 4174 est,
1731 4107 1764 4160 de
1787 4124 1841 4176 quo
1859 4108 1919 4162 Liv.

534 4193 576 4262 10,
596 4192 638 4261 38,
664 4193 681 4248 6
709 4209 742 4247 aa
769 4193 839 4246 libro
867 4199 954 4270 actm
982 4193 1065 4247 linteo
1094 4194 1161 4248 lecto
1189 4194 1377 4260 caminatum
1404 4193 1544 4248 soradote
1571 4192 1639 4248 Orio
1662 4194 1764 4250 Paccio
1792 4196 1922 4263 prodam,

532 4283 641 4336 homine
663 4299 764 4351 mapao
787 4289 873 4351 uoto,
896 4283 946 4350 qui
968 4298 996 4335 se
1019 4282 1050 4334 id
1072 4297 1183 4336 sacrum
1197 4288 1290 4349 perere
1308 4282 1475 4348 adfirmabat
1492 4297 1526 4338 cc
1544 4289 1651 4338 vetusto
1671 4282 1839 4338 Samnitium
1857 4283 1922 4336 reli-

532 4371 627 4440 piorac,
655 4387 711 4438 qua
735 4371 876 4440 quondam
899 4370 946 4424 aei
968 4371 1085 4424 oroiorca
1108 4385 1203 4424 corrrm
1224 4371 1359 4438 firmarat,
1386 4388 1447 4426 cum
1471 4371 1634 4425 adiciendoe
1655 4371 1786 4426 Etruscis
1807 4371 1921 4439 Capuae

534 4459 737 4514 clandestinum
761 4461 894 4528 emissent
915 4458 1069 4512 concilium.
1089 4489 1123 4499 —
1142 4458 1329 4528 Harzcgius
1357 4459 1374 4514 l.
1399 4477 1421 4515 c.
1444 4477 1470 4529 p.
1496 4460 1555 4514 146.
1585 4459 1636 4514 148
1662 4459 1750 4530 legam
1778 4463 1921 4528 sacratam,

534 4563 602 4616 quaa
621 4548 650 4601 in
669 4547 713 4602 his
731 4547 799 4603 locis
819 4549 927 4616 dicitur,
947 4547 980 4602 de
998 4548 1087 4602 edicto
1107 4548 1315 4616 magistratuum
1335 4548 1401 4603 falso
1420 4548 1563 4604 intellexit.

624 4637 686 4704 106)
706 4635 872 4692 Sententiam
900 4653 978 4691 suam
1006 4639 1081 4690 tonet
1098 4636 1288 4706 Herzogius
1316 4637 1344 4689 in
1369 4638 1607 4692 commentatione:
1636 4636 1726 4691 Ueber
1749 4637 1793 4690 die
1818 4636 1919 4690 Glaub-

533 4726 697 4796 wiirdigkait
714 4726 761 4780 der
779 4741 828 4780 aua
848 4725 895 4780 dar
912 4725 1066 4780 rimischen
1085 4725 1220 4794 Republik
1239 4726 1281 4779 bis
1301 4742 1362 4778 aum
1381 4726 1465 4780 Jahro
1483 4726 1534 4780 387
1555 4727 1580 4779 d.
1600 4723 1639 4780 St.
1658 4724 1848 4780 iiberlielorten
1867 4725 1921 4778 Go-

535 4818 614 4870 sctza.
651 4815 790 4884 'liibingan
810 4813 887 4868 1881.
906 4831 932 4882 p.
952 4815 994 4866 11.
