4674 6112
881 831 1038 838 --.,
1096 799 1143 871 27
1201 833 1293 840 ..--
1307 835 1360 842 .-,

516 1005 643 1070 Etenim
668 1005 865 1068 coloniarum
888 1007 1007 1068 civium
1030 1004 1249 1070 Romanorum
1278 1008 1426 1072 deductio
1455 1017 1521 1074 erat
1543 1031 1594 1076 res
1616 1017 1814 1100 gravissima,

428 1149 510 1214 qnae
533 1130 615 1194 effici
638 1148 702 1192 non
725 1135 847 1213 poterat
868 1130 931 1192 nisi
954 1129 1065 1212 populi
1091 1131 1185 1194 iussu
1208 1130 1350 1213 plebeius
1369 1135 1457 1196 scito.
1500 1133 1702 1219 Quamquam
1726 1141 1812 1204 enim

428 1261 510 1318 certa
530 1255 637 1337 legum
663 1255 887 1334 colonicarum,
911 1273 994 1336 quae
1017 1253 1056 1316 ad
1080 1255 1200 1318 civium
1219 1254 1436 1320 Romanorum
1464 1259 1603 1324 colonias
1626 1263 1812 1346 pertineant,

427 1379 574 1462 exempla
601 1378 830 1442 recentioribus
858 1379 987 1442 demum
1011 1377 1206 1461 temporibus
1231 1385 1578 1463 commemorantiir⁷⁸),
1606 1383 1744 1448 dubitari
1767 1391 1812 1450 ta-

426 1521 502 1566 men
521 1522 585 1566 555
604 1509 715 1586 potest,
739 1504 819 1585 quin
837 1507 969 1585 excepta
989 1501 1086 1582 Ostia,
1110 1521 1192 1585 quae
1211 1503 1335 1566 colonia
1353 1504 1391 1567 ab
1411 1505 1502 1570 Anco
1522 1505 1639 1570 Marcio
1662 1527 1736 1592 rege
1760 1509 1812 1574 de-

427 1627 521 1690 ducta
549 1646 619 1691 esso
647 1627 820 1706 5115115519),
848 1631 969 1689 ceterae
998 1645 1125 1707 omnes,
1153 1645 1234 1708 quae
1264 1629 1347 1691 inter
1373 1647 1475 1692 annos
1499 1630 1563 1692 416
1588 1636 1619 1694 et
1644 1631 1707 1694 509
1731 1653 1762 1695 5.
1786 1652 1811 1696 c.

427 1751 580 1814 deductae
600 1751 736 1834 555180),
755 1768 796 1813 ex
814 1749 938 1833 legibus
957 1750 1108 1812 colonicis
1127 1755 1219 1814 antea
1237 1749 1308 1813 latis
1324 1788 1365 1798 —
1382 1751 1420 1814 de
1438 1751 1517 1835 lege,
1541 1773 1606 1836 qua
1628 1753 1811 1820 Minturnae

426 1879 458 1937 et
480 1874 632 1938 Sinuessa
659 1892 742 1935 anno
766 1874 831 1936 458
854 1892 886 1935 5.
910 1892 936 1936 5.
960 1872 1103 1937 conditae
1135 1879 1224 1954 sunt,
1257 1880 1381 1939 constat
1409 1876 1488 1956 (adn.
1515 1877 1567 1956 78)
1593 1878 1812 1942 —deductae

426 2000 500 2079 sint,
518 1998 704 2081 praesertim
723 2017 798 2060 cnm
816 1997 987 2060 latinarum
1008 1996 1202 2060 coloniarum
1222 2017 1263 2061 ex
1287 1997 1411 2080 legibus
1431 1998 1581 2061 colonicis
1601 1999 1810 2065 deductarum

425 2121 571 2204 exempla
585 2140 651 2184 non
666 2121 771 2184 solum
789 2120 1018 2184 recentioribus
1038 2121 1286 2204 temporibus⁸¹)
1306 2127 1604 2204 commemorentur,
1627 2124 1682 2187 sed
1705 2144 1810 2188 unum

425 2249 509 2307 certe
531 2246 595 2308 iam
618 2265 702 2308 anno
726 2245 790 2308 420
805 2265 837 2308 5.
854 2263 878 2309 5.
899 2263 940 2308 ex
963 2245 1033 2328 lego
1056 2244 1198 2307 colonica
1221 2243 1374 2308 deductae
1398 2245 1540 2308 coloniae
1563 2245 1679 2309 tannae
1702 2265 1810 2311 exem-

308 2405 312 2410 ·
424 2369 516 2451 plum
549 2387 624 2432 cum
656 2371 797 2462 maxima
828 2367 1046 2452 probabilitate
1076 2369 1293 2453 statuatursse).
1340 2368 1473 2432 Accedit
1506 2369 1592 2451 quod
1624 2371 1743 2453 rogatio
1772 2371 1810 2435 de

424 2495 637 2502 ——.-.-—--

424 2545 509 2597 fuisse
533 2545 600 2597 dicit
624 2548 682 2612 (pro
706 2542 782 2596 Balb.
807 2542 849 2610 20,
873 2543 921 2609 46;
946 2543 977 2595 51.
997 2541 1057 2596 Liv.
1077 2541 1119 2610 28,
1143 2543 1186 2610 45,
1211 2541 1252 2596 20.
1276 2541 1335 2596 an.
1355 2541 1426 2596 Max.
1447 2545 1471 2610 5,
1491 2541 1516 2607 2,
1534 2541 1559 2597 8.
1584 2543 1655 2596 Plut.
1679 2543 1744 2598 Mar.
1765 2544 1810 2614 28)

424 2635 451 2686 51
474 2631 568 2686 foedus
588 2649 650 2686 cum
664 2631 890 2685 Heracleensibus
909 2632 1003 2698 ictum,
1023 2631 1095 2699 quod
1113 2647 1195 2698 prope
1215 2630 1351 2698 singulare
1369 2631 1397 2683 et
1415 2630 1610 2698 aequissimum
1630 2631 1696 2685 dicit
1715 2632 1810 2686 Cicero

425 2721 484 2788 (pro
502 2719 578 2774 Balb.
599 2721 642 2788 22,
661 2721 704 2775 50.
723 2737 772 2788 pro
790 2721 872 2773 Arch.
892 2719 917 2788 4,
938 2720 973 2788 0),
994 2721 1165 2774 sacrosancta
1182 2719 1267 2771 luisse
1286 2718 1470 2773 statuerimus.
1508 2719 1677 2774 Sacrosancti
1696 2721 1810 2774 foederis

424 2809 593 2876 exemplum,
613 2810 685 2878 quod
704 2812 777 2862 certo
796 2808 937 2876 scriptoris
956 2808 1113 2861 testimonio
1131 2806 1317 2874 confirmatur,
1336 2807 1429 2860 inveni
1447 2806 1561 2860 nullum.
1599 2808 1669 2862 Nam
1688 2809 1748 2864 Liv.
1767 2809 1810 2868 38.

425 2899 468 2966 33,
488 2897 504 2950 9
523 2897 626 2950 verbis:
646 2897 754 2964 foedata,
773 2897 896 2964 555515
918 2897 1063 2962 Capitolio,
1082 2895 1156 2963 quoa
1172 2893 1323 2964 Olympiae,
1342 2895 1417 2963 quod
1433 2897 1465 2948 r'n
1484 2895 1676 2949 arceAtbeuis
1694 2913 1810 2950 sacra·

423 2993 489 3038 tum
507 2986 619 3054 ferisset,
642 2987 755 3039 irritum
773 3001 826 3052 per
844 2985 906 3037 11155
924 3000 989 3050 esse,
1008 3001 1061 3038 non
1081 2984 1113 3037 de
1132 2985 1237 3037 loedere
1252 2987 1431 3051 sacrosancto,
1447 2985 1493 3037 sed
1509 2983 1661 3038 defoedare
1679 2985 1809 3053 locorum,

423 3074 450 3126 in
471 3074 571 3143 quibus
591 3075 698 3128 tabulae
716 3074 761 3128 rel
780 3073 920 3127 columnae
938 3073 1054 3126 foedaris
1073 3072 1217 3125 collocatae
1236 3073 1319 3134 erant,
1340 3072 1483 3126 sanctitate
1503 3076 1606 3127 sacrato
1625 3073 1754 3140 loquitur.

513 3161 556 3230 78)
575 3162 634 3216 Lir.
660 3165 702 3232 10,
721 3162 764 3230 38,
783 3161 799 3214 9
824 3163 904 3229 (anno
926 3160 980 3214 458
1002 3177 1029 3214 n.
1049 3161 1082 3228 5.)
1107 3160 1330 3226 tribunusplebis
1351 3161 1492 3226 uepotium
1510 3160 1607 3213 datum
1625 3166 1673 3226 est,
1692 3166 1725 3214 ut
1738 3161 1809 3228 ple·

422 3251 564 3305 beisetto
587 3251 729 3304 nuberetur
748 3249 780 3304 P.
802 3249 982 3317 Sempronius
1002 3253 1118 3314 praetor
1141 3248 1299 3300 triummroa
1318 3247 1349 3298 r'n
1368 3263 1399 3300 ea
1420 3248 1480 3300 loca
1499 3247 1663 3316 (Minturnas
1682 3251 1709 3302 et
1728 3248 1808 3302 Sinu-

422 3339 521 3408 essam)
550 3340 655 3394 colonia
682 3337 849 3392 deducendes
873 3353 974 3390 creare.
1016 3337 1075 3390 liv.
1100 3336 1142 3404 32,
1166 3335 1208 3404 29,
1232 3337 1248 3388 3
1280 3334 1308 3390 (1.
1335 3334 1452 3387 Atianos
1480 3335 1611 3389 tribunus
1633 3336 1722 3402 plebis
1746 3338 1810 3390 tutte

423 3431 503 3498 (anno
518 3431 568 3484 557
585 3445 612 3482 u.
629 3429 719 3495 5.),51
736 3427 859 3494 pain-que
877 3426 1002 3480 55155155
1019 3426 1051 3477 e'n
1069 3440 1146 3477 oram
1169 3424 1336 3476 nearr'ttmum
1359 3423 1570 3490 accerserentur,
1589 3423 1662 3478 5555
1681 3424 1720 3476 act
1737 3425 1809 3477 ostia

421 3517 569 3584 [luminum
589 3516 724 3569 Vulturni
741 3515 913 3582 Internique,
933 3531 993 3566 555
1013 3513 1149 3580 Puteolos,
1169 3529 1229 3564 unu
1247 3511 1286 3563 ad
1304 3517 1425 3564 castrum
1445 3511 1565 3566 Salerni.
1583 3512 1808 3565 5511555555

421 3607 566 3659 adiectum.
592 3611 716 3657 trecenae
738 3604 864 3669 familiae
881 3604 913 3655 in
936 3602 1064 3670 stapulas
1088 3601 1212 3654 coloratae
1235 3600 1402 3654 iubebantur
1424 3599 1503 3652 enitet.
1545 3599 1629 3654 Aliud
1652 3600 1809 3668 exemplum

421 3697 535 3750 fortasse
558 3696 600 3747 cst
618 3693 790 3762 plebiscitum
814 3692 945 3746 Baebium
969 3691 1042 3758 (leg.
1066 3706 1120 3758 agr.
1140 3706 1197 3758 cap.
1217 3689 1251 3742 43
1276 3689 1304 3742 in
1323 3688 1351 3742 0.
1370 3688 1392 3741 Ι.
1411 3687 1442 3742 L.
1461 3687 1515 3742 vol.
1534 3687 1556 3757 Ι,
1575 3705 1600 3756 p.
1620 3687 1674 3755 82),
1698 3688 1730 3740 dc
1754 3703 1808 3756 quo

421 3802 448 3836 v.
464 3783 540 3838 Rom.
556 3783 609 3836 nlt.
628 3781 677 3847 11³,
697 3799 722 3850 p.
742 3782 801 3835 091.
814 3811 846 3818 -
862 3780 902 3833 De
920 3778 1027 3848 legibus
1046 3778 1175 3832 colonicis
1194 3793 1210 3832 a
1228 3777 1256 3832 C.
1277 3776 1434 3845 Sempronio
1454 3775 1574 3830 Graccho
1593 3777 1620 3828 ct
1639 3775 1808 3842 insequentis

421 3873 551 3940 temporis
571 3871 688 3924 tribunis
706 3869 769 3924 latis
788 3871 901 3923 constat.

511 3962 555 4028 79)
575 3960 630 4013 015.
655 3959 688 4011 de
710 3974 765 4026 rep.
790 3956 814 4026 2,
839 3957 864 4024 3,
888 3958 912 4010 5.
937 3957 961 4022 2,
987 3955 1028 4023 18,
1054 3956 1095 4008 33.
1133 3954 1191 4008 liv.
1217 3955 1241 4022 1,
1261 3954 1303 4022 33,
1323 3953 1347 4008 9.
1384 3952 1455 4007 Fest.
1475 3970 1499 4020 p.
1522 3951 1580 4006 197.
1618 3951 1696 4006 11155.
1717 3952 1742 4020 3,
1761 3952 1805 4004 44.

421 4050 507 4105 Strab.
526 4051 551 4117 5,
571 4050 595 4115 3,
615 4049 654 4118 5.Υ
677 4045 771 4114 Polyb.
792 4046 816 4113 6,
837 4045 861 4112 2,
881 4045 904 4099 9.
941 4044 1017 4098 Sera.
1037 4043 1070 4098 ad
1089 4043 1170 4112 Verg.
1189 4045 1255 4096 Aen.
1275 4043 1300 4109 6,
1319 4040 1379 4096 816.

509 4137 555 4204 80)
575 4136 779 4204 Mar-querit,
807 4134 979 4188 Staatsrerw.
1003 4133 1025 4200 1,
1048 4149 1074 4200 p.
1098 4131 1132 4185 38
1152 4147 1191 4200 sq.
1229 4131 1269 4184 De
1297 4130 1416 4184 coloniae
1444 4129 1549 4198 Pyrgos
1577 4129 1707 4182 deductae
1736 4144 1806 4182 anno

421 4243 474 4280 non
493 4227 607 4278 constat.
644 4223 778 4277 Undecim
801 4221 1051 4276 vetustissimarum
1075 4220 1241 4275 coloniarum
1260 4219 1459 4273 maritimarum
1477 4234 1533 4272 una
1551 4217 1664 4270 Aesium
1683 4217 1762 4285 (Vell.
1783 4219 1806 4286 1,

421 4315 463 4382 14,
482 4313 510 4382 8)
529 4329 546 4366 5
568 4312 646 4365 livio
665 4312 736 4364 inter
754 4311 873 4364 colonias
893 4311 925 4363 dc
944 4309 1084 4363 vacatione
1103 4312 1237 4362 certantes
1254 4325 1308 4362 non
1328 4309 1560 4361 commemoratur.

508 4400 554 4470 81)
573 4400 631 4454 Liv.
652 4400 694 4466 34,
714 4400 757 4466 53,
778 4400 790 4451 1
816 4400 893 4452 cuitu
916 4399 988 4450 anui
1010 4397 1095 4452 buius
1123 4397 1154 4466 Q.
1173 4397 1272 4450 Aet-ins
1298 4395 1405 4448 Tubero
1424 4393 1657 4460 tribunusplebis
1676 4408 1709 4446 eu
1727 4409 1807 4446 aenu-

420 4489 592 4546 tueconeulto
612 4489 676 4541 tulit
694 4488 732 4540 ud
741 4486 853 4554 plebane,
867 4487 1011 4554 plebesque
1025 4487 1111 4540 servit.
1131 4492 1164 4538 ut
1177 4485 1250 4539 duae
1264 4484 1388 4538 Latinae
1402 4483 1535 4549 coloniae,
1554 4499 1614 4535 una
1633 4483 1664 4536 r'n
1678 4481 1807 4536 Bruttios

418 4581 508 4634 altera
526 4580 557 4631 in
575 4576 733 4630 75551555
751 4591 860 4644 aprum,
879 4575 1088 4629 deducerentur.
1115 4575 1159 4642 35,
1173 4575 1216 4642 40,
1236 4575 1252 4627 5
1271 4572 1362 4626 ecdem
1380 4572 1431 4625 555
1449 4587 1525 4625 5555
1550 4571 1679 4623 Vibonem
1697 4569 1807 4623 colonia

418 4669 538 4722 5555515
556 4673 596 4721 551
613 4681 647 4720 ea
665 4665 905 4720 senatusconsulto
920 4663 1062 4732 plebisque
1080 4664 1156 4716 scito.

507 4757 553 4826 82)
572 4757 631 4810 Liv.
654 4755 734 4824 8,10
758 4755 809 4808 etsi
830 4753 894 4806 belli
911 4767 981 4820 pars
1005 4767 1067 4804 cum
1092 4751 1230 4820 8ἰί5751515Ι
1248 4748 1383 4815 restabat,
1407 4755 1498 4802 tamen
1521 4754 1553 4800 ut
1576 4747 1704 4812 beneficio
1722 4761 1805 4812 prae-

420 4845 544 4899 venirent
570 4843 735 4898 desiderium
750 4842 850 4910 plebis,
879 4841 912 4894 ete
939 4839 1048 4894 colonia
1076 4838 1235 4892 5555555515
1267 4837 1346 4892 Galea
1376 4837 1534 4891 retulerunt
1561 4835 1630 4905 (scil.
1655 4834 1803 4904 consules),

1555 4925 1592 4976 4*
