4674 6112
564 1010 645 1072 facta
673 1015 758 1072 sunt.
806 1006 894 1082 Quae
922 1008 1047 1070 etiamsi
1070 1024 1136 1068 non
1158 1005 1227 1088 lege
1250 1005 1320 1086 lata,
1344 1003 1399 1066 sed
1423 1002 1484 1066 alia
1507 1004 1628 1066 ratione
1652 1009 1852 1067 sacrosancta
1873 1003 1954 1067 facta

566 1135 640 1215 sint,
658 1133 757 1195 nihilo
777 1117 883 1194 tamen
902 1131 1012 1193 minus
1031 1127 1169 1210 lepitima
1187 1127 1288 1190 fuisse
1308 1131 1339 1189 et
1358 1125 1420 1188 dici
1440 1127 1584 1208 potuisse
1603 1126 1787 1209 negandum
1812 1146 1877 1190 non
1897 1133 1954 1192 est.

565 1258 620 1318 An
643 1253 875 1335 dubiabunus,
901 1273 982 1317 num
1007 1251 1144 1332 lepitima
1167 1251 1286 1314 firarint
1313 1268 1363 1330 ea,
1389 1267 1471 1332 quae
1495 1247 1611 1330 lapitas
1638 1250 1735 1333 regiis
1762 1250 1954 1330 nitebantur,

566 1385 598 1442 et
629 1398 679 1460 aa,
707 1397 789 1461 quae
816 1377 981 1440 foederum
1009 1354 1284 1439 sacrosanctorum
1312 1378 1386 1436 ante
1412 1371 1526 1436 foedus
1554 1371 1735 1436 Caudinum
1767 1374 1953 1453 ictorum⁹²)

567 1500 733 1581 leprbeas⁹³l
763 1505 961 1564 sacrosancta
994 1499 1166 1562 constituta
1199 1498 1308 1560 erant?
1354 1494 1469 1578 ltaque
1500 1513 1632 1578 prorsus
1665 1495 1865 1560 arbitrarium
1897 1503 1954 1578 est,

571 1625 657 1706 quod
680 1623 940 1688 Mommsenus
968 1642 1066 1686 unam
1090 1620 1294 1685 tribuniciam
1318 1623 1507 1702 potestatem
1535 1625 1767 1682 sacrosanctam
1796 1639 1859 1684 aaa
1882 1619 1954 1702 7001-

566 1749 675 1812 timam
709 1748 818 1829 fuisse,
850 1749 930 1830 quin
963 1747 1057 1810 etiam
1089 1765 1153 1809 aaa
1186 1743 1354 1825 1001110001
1386 1744 1456 1806 0100
1484 1744 1648 1825 potestatis
1676 1749 1823 1806 naturam
1847 1763 1953 1808 saero-

568 1874 697 1934 sanctae
720 1871 885 1951 potestate's
913 1870 1124 1953 appellatione
1153 1867 1385 1932 dissimulatam
1410 1870 1442 1929 et
1464 1863 1662 1930 obscuratam
1687 1885 1757 1930 esse
1785 1867 1954 1930 contendit.

655 1993 772 2077 Negari
795 1995 894 2078 igitur
920 2012 985 2056 non
1009 1998 1113 2076 potest
1136 2012 1210 2056 eum
1235 1990 1397 2054 Ciceronis
1421 1992 1611 2054 sacrosancti
1640 1989 1823 2054 definitione
1851 1990 1953 2053 multo

566 2116 691 2180 facilius
712 2117 874 2180 conciliari
894 2136 998 2181 meam
1018 2116 1057 2180 de
1076 2114 1265 2179 tribuniciae
1278 2115 1441 2198 potestatis
1458 2119 1676 2178 sacrosanctae
1690 2119 1805 2178 natura
1819 2114 1953 2198 eiusque

570 2240 691 2323 origine
714 2242 914 2322 sententiam,
938 2260 1035 2323 quam
1060 2238 1294 2301 Mommseni.
1341 2238 1404 2302 Sed
1427 2257 1501 2300 cunr
1530 2238 1569 2301 de
1597 2237 1656 2300 hac
1679 2239 1748 2320 ipsa
1770 2256 1804 2301 re
1828 2242 1954 2300 contro-

566 2363 670 2426 versia
695 2363 744 2443 sit,
766 2367 878 2426 utrum
903 2363 1062 2427 Ciceronis
1087 2353 1266 2426 definitioni
1289 2380 1329 2424 an
1353 2361 1432 2445 legis
1456 2361 1602 2425 Valeriae
1624 2359 1777 2424 Horatiae
1800 2361 1954 2444 interpre-

569 2487 682 2550 tationi
705 2487 743 2568 01,
767 2506 865 2569 quam
888 2484 1148 2549 Mommsenus
1182 2485 1344 2567 sequitur,
1376 2485 1409 2546 in
1442 2485 1502 2547 hac
1535 2485 1722 2568 quaestione
1751 2484 1955 2568 disceptanda

567 2611 669 2672 maior
691 2612 862 2673 auctoritas
885 2608 1054 2673 tribuenda
1078 2610 1128 2689 sit,
1149 2627 1282 2672 necesse
1305 2609 1373 2690 erit,
1396 2627 1609 2691 quamquam,
1632 2627 1690 2671 cur
1713 2608 1954 2673 Ciceronianam

569 2732 786 2796 definitionem
806 2731 1042 2814 praeferendam
1062 2751 1132 2795 esse
1155 2737 1351 2815 putaremus,
1373 2732 1437 2794 iam
1462 2750 1559 2814 supra
1577 2739 1764 2815 argumento
1788 2751 1830 2795 ex
1853 2733 1955 2796 diver-

569 2857 662 2918 sitate
690 2855 881 2936 occasionis,
915 2874 997 2938 quae
1031 2854 1225 2919 definitionis
1258 2861 1290 2918 et
1317 2855 1586 2938 interpretationis
1613 2855 1700 2919 illius
1731 2855 1955 2939 proponendae

656 3029 701 3098 92)
721 3029 898 3083 Sacrosancta
927 3031 985 3083 sine
1014 3029 1096 3083 dubio
1124 3030 1235 3083 1001001
1266 3029 1360 3083 foedus
1388 3027 1504 3083 Romulo
1532 3032 1661 3098 regnante
1690 3031 1761 3083 inter
1788 3029 1906 3084 Ramnes
1930 3033 1957 3083 at

567 3117 650 3172 111100
674 3118 760 3171 ictum
784 3117 865 3186 (Fost.
890 3134 910 3172 0.
934 3135 979 3172 vv.
1000 3117 1120 3184 Quirites
1143 3120 1171 3172 et
1190 3115 1342 3182 Quirinalia
1363 3119 1390 3170 et
1409 3116 1557 3183 Quirinalia
1581 3136 1606 3186 p.
1627 3117 1686 3171 254.
1725 3117 1780 3171 Cic.
1805 3117 1956 3186 1101002,

569 3209 594 3274 7,
619 3207 653 3260 13
673 3222 713 3276 sq.
737 3205 879 3274 01οΒ011.
904 3207 946 3272 13,
971 3205 1013 3260 31.
1050 3206 1110 3260 Liv.
1135 3209 1159 3274 l,
1185 3206 1226 3274 13,
1250 3206 1275 3260 4.
1312 3205 1392 3260 Dion.
1417 3205 1441 3273 2,
1464 3205 1507 3260 46.
1545 3203 1718 3261 Ρ101.Ι10οι.
1744 3207 1785 3260 19.
1823 3205 1898 3262 Serv.
1923 3207 1956 3262 ad

567 3295 648 3364 Verg.
668 3296 735 3349 Aen.
752 3297 776 3362 7,
793 3294 863 3364 aba),
882 3295 978 3348 foedus
992 3293 1070 3348 Tullo
1088 3293 1206 3348 Hostilio
1226 3297 1353 3362 regnante
1372 3294 1443 3347 inter
1461 3293 1591 3362 populum
1610 3293 1762 3348 Romanum
1780 3298 1807 3348 et
1821 3295 1957 3350 Albanum

567 3384 654 3436 ictum
665 3383 862 3452 (11101243.
891 3383 970 3439 Dion.
986 3384 1011 3452 3,
1025 3383 1076 3451 13),
1091 3382 1186 3436 foedus
1201 3381 1295 3437 Sermo
1310 3381 1397 3436 1111110
1415 3387 1544 3450 regnante
1563 3399 1626 3437 curn
1640 3383 1745 3438 Latinis
1764 3384 1858 3451 ictum,
1878 3383 1957 3438 cuius

568 3471 613 3525 lex
641 3471 669 3524 in
694 3471 795 3540 templo
814 3471 916 3526 Dianae
935 3472 964 3525 in
987 3473 1078 3525 monta
1101 3470 1237 3524 Aventino
1256 3471 1364 3524 servata
1391 3474 1449 3523 erat
1472 3470 1606 3539 (Dion4,
1626 3472 1679 3540 26),
1699 3471 1956 3541 roaduauarqninio

569 3558 690 3628 Superbo
718 3563 846 3628 regnante
874 3575 937 3614 oum
962 3559 1074 3614 Gabinia
1097 3558 1196 3627 ictum,
1226 3558 1298 3626 quod
1322 3557 1350 3611 in
1373 3559 1474 3627 templo
1498 3557 1622 3613 Samonis
1647 3559 1728 3614 Sanci
1746 3561 1865 3628 Augusti
1888 3563 1957 3614 tam·

568 3648 680 3716 poribus
703 3648 756 3716 logi
780 3651 886 3716 poterat
904 3647 993 3716 (Dion.
1012 3649 1038 3715 4,
1058 3645 1100 3701 58.
1119 3646 1191 3700 Fost.
1210 3663 1251 3714 op.
1272 3663 1296 3714 p.
1316 3646 1370 3714 56),
1393 3647 1488 3700 100600
1511 3662 1527 3700 a
1546 3646 1590 3715 Sp.
1611 3645 1705 3700 Cassio
1724 3646 1863 3701 Vecellino
1887 3663 1957 3702 anno

569 3735 620 3790 260
642 3753 669 3789 0.
694 3753 716 3790 o.
741 3751 803 3788 cum
832 3735 937 3790 Latinis
964 3737 1049 3789 ictum
1079 3735 1149 3804 (Iris.
1174 3735 1198 3802 2,
1223 3736 1265 3802 33,
1289 3735 1367 3787 4-9.
1405 3734 1484 3789 Dion.
1512 3735 1537 3801 6,
1556 3734 1614 3803 95),
1644 3734 1715 3802 quod
1745 3733 1838 3788 Cicero
1866 3751 1957 3802 seraper

568 3825 697 3876 coleenma
710 3823 816 3877 adeeeea
826 3829 892 3890 port
909 3830 1002 3878 rostra
1016 3824 1136 3877 teramum
1150 3829 1177 3876 et
1193 3823 1359 3888 inscriptam
1372 3821 1460 3886 facisse
1475 3822 1600 3875 meminit
1614 3821 1679 3890 (Cic.
1695 3837 1743 3889 pro
1758 3820 1834 3876 Balb.
1851 3822 1893 3892 23,
1904 3825 1957 3892 53),

569 3913 663 3966 foedus
687 3913 803 3980 deniquo
821 3912 1000 3966 Ardeatinam
1019 3927 1090 3966 anuo
1109 3911 1162 3964 310
1179 3927 1206 3965 u.
1226 3927 1249 3964 o.
1268 3915 1427 3964 renovatum
1447 3909 1516 3977 (Liv.
1535 3911 1561 3976 4,
1580 3911 1604 3978 7,
1625 3911 1677 3979 10),
1697 3911 1768 3979 quod
1788 3910 1816 3964 C.
1835 3910 1958 3966 Iioinins

568 3999 658 4054 Macer
676 4001 735 4068 1000
755 3999 841 4054 000110
861 4001 919 4054 0010
938 3999 1041 4054 vidisse
1059 3999 1169 4053 videtur
1188 3997 1257 4067 (niv.
1273 3999 1299 4066 4,
1319 3999 1344 4066 7,
1363 3998 1417 4066 12).
1445 3995 1587 4052 Praeterea
1605 3999 1658 4052 0101
1677 4015 1730 4054 000
1750 4000 1848 4070 001010,
1867 4003 1958 4055 tamen

569 4085 656 4141 multa
683 4103 777 4140 eornm
805 4088 955 4156 foederum,
984 4104 1053 4156 qnae
1082 4089 1144 4142 ante
1171 4087 1266 4142 foedus
1294 4085 1447 4141 Caudinum
1475 4086 1530 4140 icta
1553 4089 1618 4140 sunt
1655 4087 1698 4155 (cf.
1722 4087 1781 4142 Iiv.
1806 4089 1832 4156 6,
1856 4089 1880 4157 1,
1905 4089 1958 4159 10),

570 4177 744 4230 sacrosancta
767 4176 852 4229 101000
876 4176 1012 4245 videntur,
1031 4191 1195 4244 quamquam
1215 4177 1288 4229 certa
1307 4175 1339 4228 de
1358 4173 1475 4242 singulis
1497 4176 1650 4230 foederibus
1673 4176 1830 4232 testimonia
1853 4179 1957 4232 desunt

570 4263 608 4318 cf.
633 4265 723 4317 tamen
748 4264 781 4318 do
804 4263 909 4317 foedere
933 4280 996 4317 oum
1019 4264 1202 4319 Laurentibus
1224 4264 1279 4316 414
1302 4280 1328 4316 0.
1348 4279 1370 4316 c.
1395 4265 1524 4318 renovato
1543 4263 1602 4317 Liv.
1622 4263 1647 4331 8,
1667 4266 1710 4332 11,
1731 4267 1772 4334 15,
1797 4267 1829 4320 de
1853 4267 1958 4321 foedere

570 4369 632 4404 eum
659 4351 818 4406 Tiburtibus
845 4367 916 4407 anno
939 4353 993 4406 416
1016 4369 1044 4408 u.
1068 4368 1091 4405 c.
1120 4355 1249 4406 renovato
1278 4352 1347 4421 (Iris.
1372 4350 1397 4420 8,
1419 4352 1460 4419 14,
1479 4353 1506 4421 9)
1535 4351 1673 4407 Ciceronis
1701 4353 1731 4407 in
1763 4356 1882 4409 oratione
1910 4371 1958 4422 pro

570 4439 655 4494 Balbo
675 4439 717 4508 23,
737 4442 771 4495 53
791 4441 1010 4509 disputationem.

659 4529 704 4598 93)
723 4528 783 4583 Lis.
804 4530 827 4598 1,
848 4529 890 4597 24,
910 4529 1110 4596 3011000οα10
1128 4527 1301 4596 dimicarent,
1319 4528 1418 4595 foedus
1436 4530 1521 4584 ictuea
1539 4529 1613 4583 inter
1630 4529 1772 4585 Rauracos
1791 4537 1817 4584 et
1833 4530 1958 4584 Albanae

569 4616 682 4671 estleia
701 4616 833 4686 lapibus
850 4622 883 4671 ut
901 4620 951 4670 cot.
973 4617 1087 4683 foedera
1105 4618 1164 4671 alia
1183 4619 1248 4671 aliis
1267 4617 1410 4687 lepidae,
1429 4623 1547 4672 ceteram
1567 4617 1657 4673 eodem
1676 4619 1754 4673 moda
1769 4619 1863 4674 amaia
1875 4618 1958 4684 fiant.

571 4706 595 4773 1,
615 4703 657 4773 24,
679 4706 694 4757 7
715 4705 846 4773 lapibus
869 4704 968 4758 deinde
990 4706 1123 4774 recitatis,
1146 4706 1225 4773 audi,
1248 4707 1349 4774 inquit,
1373 4708 1422 4760 cet.
1447 4707 1504 4760 illie
1523 4707 1655 4776 lepidas
1669 4709 1793 4775 populas
1813 4707 1959 4761 Roeaaaas

566 4793 648 4858 prior
666 4807 725 4850 aaa
744 4793 856 4860 deficiet.
885 4793 910 4860 9,
930 4795 957 4856 5,
977 4793 993 4848 3
1007 4810 1060 4861 per
1079 4811 1157 4861 quera
1171 4795 1308 4861 propulsam
1325 4793 1386 4863 fiat,
1404 4810 1459 4862 qao
1477 4796 1571 4848 mirans
1589 4795 1719 4864 lepidas
1738 4795 1819 4849 aretis
1836 4801 1931 4850 stetur.
