4674 6112
548 1009 671 1072 colonia
699 1008 884 1073 deducenda
912 1009 1081 1074 tribunicia
1112 1011 1176 1074 iam
1210 1029 1294 1073 anno
1325 1010 1387 1073 340
1412 1010 1545 1091 u.c.⁸³)
1574 1015 1840 1074 commemoratur
1867 1031 1933 1074 non

547 1131 667 1215 perlata
688 1131 742 1196 illa
766 1133 906 1215 quidem,
930 1134 985 1198 sed
1007 1135 1052 1197 ita
1074 1139 1191 1217 rogata,
1214 1139 1251 1197 ut
1273 1135 1344 1197 iure
1362 1138 1504 1218 rogatam
1524 1151 1594 1198 esse
1613 1135 1722 1217 negari
1740 1153 1806 1198 non
1825 1136 1933 1217 possit.

547 1253 687 1338 Legibus
710 1260 818 1319 autem
842 1256 993 1320 colonicis
1018 1259 1086 1320 sine
1109 1255 1207 1321 dubio
1231 1258 1416 1320 colonorum
1440 1258 1511 1320 iura
1529 1255 1765 1336 sarciebantur,
1795 1277 1931 1340 quorum

548 1377 690 1441 condicio
715 1397 788 1443 curn
814 1381 926 1444 similis
950 1385 1035 1444 esset
1055 1379 1251 1463 plebeiorum
1274 1392 1365 1444 extra
1386 1382 1565 1464 pomerium
1588 1383 1622 1444 in
1645 1387 1753 1445 monte
1771 1383 1934 1446 Aventino

548 1500 708 1564 domicilia
731 1502 954 1568 collocantium
975 1504 1162 1586 condicioni,
1185 1505 1282 1568 simili
1306 1523 1438 1588 quoque
1460 1507 1582 1568 ratione
1604 1507 1676 1568 iura
1694 1523 1806 1568 eorum
1826 1509 1934 1570 sancto

547 1641 617 1688 esse
640 1623 801 1708 probabile
820 1633 877 1709 est,
901 1627 1021 1692 scilicet
1039 1629 1256 1712 subsequente
1275 1633 1307 1692 et
1324 1648 1342 1692 a
1361 1627 1549 1692 consulibus
1568 1629 1601 1690 in
1621 1629 1757 1692 comitiis
1777 1631 1933 1694 centuria·

547 1748 588 1812 tis
611 1748 719 1813 6616116
742 1749 879 1833 perfecta
902 1751 1011 1834 legum
1030 1752 1245 1816 colonioarum
1264 1752 1471 1816 obtestatione
1490 1757 1522 1816 et
1540 1753 1785 1816 consecratione.
1818 1751 1932 1836 Itaque

546 1870 605 1935 bae
627 1871 712 1955 leges
736 1872 861 1956 legibus
884 1877 1025 1958 sacratis,
1048 1895 1186 1959 quarum
1209 1878 1388 1940 sanctiones
1411 1876 1618 1940 obtestatione
1640 1881 1672 1939 et
1694 1877 1934 1939 consecratione

545 1993 625 2077 legis
654 2001 791 2061 sacratae
820 2003 922 2080 arant,
950 2017 1025 2062 cum
1048 2019 1164 2082 magna
1186 1999 1402 2083 probabilitate
1424 1999 1626 2063 adnumerari
1648 2004 1792 2082 possunt
1829 1999 1933 2062 Alteri

544 2119 652 2199 generi
666 2118 776 2202 legum
790 2127 981 2186 sacratarum
997 2141 1050 2188 eas
1064 2122 1286 2188 adscribendas
1301 2142 1371 2187 esse
1385 2125 1493 2187 minus
1508 2129 1591 2188 certe
1606 2121 1767 2206 probabile
1777 2125 1882 2204 est⁸⁴).
1891 2160 1931 2170 —

546 2237 637 2316 Quod
665 2249 772 2307 autem
801 2243 922 2309 Ostiam
950 2246 1121 2328 coloniam,
1149 2248 1176 2310 si
1205 2247 1334 2330 quidem
1358 2249 1450 2310 Anco
1476 2247 1594 2311 Marcio
1622 2252 1773 2330 regnante
1797 2247 1933 2311 deducta

546 2369 652 2449 est⁸⁶),
666 2368 735 2452 lege
749 2369 812 2432 lata
827 2369 995 2434 deductam
1010 2389 1081 2434 esse
1096 2355 1280 2454 negandum
1300 2375 1357 2453 est,
1374 2372 1406 2434 id
1423 2371 1646 2436 Ciceronianae
1665 2372 1859 2434 sacrosancti
1878 2371 1931 2434 de-

544 2490 697 2556 finitionis
716 2493 880 2557 veritatem
899 2487 964 2557 non
978 2495 1080 2578 magis
1092 2493 1245 2578 infringit,
1264 2515 1361 2577 quam
1377 2500 1574 2558 sacrosancta
1587 2493 1714 2558 foedera
1732 2497 1805 2558 ante
1819 2493 1932 2558 foedus

546 2613 727 2679 Caudinum
752 2617 820 2680 sine
842 2617 952 2700 populi
974 2618 1067 2681 iussu
1090 2619 1151 2680 icta
1174 2621 1214 2698 (v.
1239 2637 1336 2702 supra
1358 2638 1387 2701 p.
1409 2619 1476 2702 15);
1502 2619 1572 2681 sine
1595 2617 1691 2682 dubio
1715 2619 1801 2681 enim
1820 2617 1929 2682 Cicero

544 2738 613 2819 ipse
632 2735 753 2801 Ostiam
768 2758 833 2802 non
851 2740 941 2805 aliter
955 2759 992 2803 ac
1004 2742 1194 2805 recentiores
1208 2741 1347 2805 colonias
1367 2742 1535 2806 deductam
1552 2759 1621 2805 esse
1636 2741 1775 2805 credidit.
1786 2779 1827 2787 -
1843 2741 1930 2807 Oete-

545 2880 620 2924 rum
644 2860 730 2944 legas
754 2862 921 2945 colonicas,
945 2883 1025 2947 quas
1050 2864 1180 2947 quidem
1200 2865 1362 2946 novimus,
1384 2863 1549 2948 plebiscita
1570 2864 1670 2929 fuisse
1693 2864 1930 2949 neglegendum

544 3039 721 3046 ———.

544 3177 673 3244 factoque
696 3182 951 3249 senatusconsulto,
974 3187 1008 3236 ut
1026 3181 1082 3235 duo
1100 3181 1179 3234 milia
1197 3180 1345 3249 quingenti
1362 3181 1484 3235 16661661
1502 3197 1533 3234 eo
1551 3180 1747 3247 scriberentur,
1771 3180 1931 3235 1116666166

545 3265 669 3319 colonius
697 3267 873 3323 6616666666
901 3286 1023 3339 agroque
1051 3269 1206 3323 diuidundo
1233 3276 1404 3325 6666661661.
1451 3269 1503 3324 Sed
1530 3273 1636 3338 praeter
1663 3270 1929 3324 senatusconsultrun

545 3353 577 3407 de
606 3354 711 3411 colonia
735 3355 812 3411 Cales
840 3359 997 3413 deducenda
1024 3358 1106 3412 etiem
1128 3357 1215 3427 legem
1243 3357 1325 3413 iatam
1348 3375 1408 3412 esso
1434 3358 1572 3428 colligitur
1594 3375 1628 3412 ax
1656 3358 1715 3413 Liv.
1735 3359 1778 3427 41,
1797 3358 1823 3427 8,
1842 3359 1859 3414 9
1878 3359 1931 3412 lex

544 3442 626 3496 sociis
648 3445 769 3500 nomines
791 3445 902 3513 Latini,
925 3447 974 3514 qui
991 3447 1103 3513 stirpem
1121 3461 1154 3500 ex
1172 3461 1229 3500 sese
1247 3447 1320 3500 116161
1337 3448 1534 3514 relinquerent,
1557 3447 1650 3512 dabat,
1668 3453 1701 3500 ut
1719 3447 1789 3501 sices
1807 3447 1931 3502 Rotnani

542 3535 648 3601 fierent.
686 3533 773 3600 Quam
797 3534 882 3604 legem
907 3535 941 3590 ad
960 3535 1031 3590 solas
1050 3534 1170 3589 colonias
1188 3534 1287 3590 latinas
1306 3551 1399 3603 novas,
1424 3550 1538 3604 quarum
1558 3534 1749 3602 antiquissima
1767 3539 1825 3590 erat
1844 3535 1930 3604 Colca,

543 3624 637 3678 reterri
656 3640 735 3692 posse
754 3623 938 3678 demonstrari
956 3623 1032 3676 Rom.
1053 3623 1106 3677 Alt.
1126 3621 1174 3690 11³,
1194 3639 1218 3690 p.
1240 3623 1297 3676 127.

633 3711 756 3782 831111.
776 3713 801 3780 4,
825 3713 868 3781 49,
892 3712 909 3767 6
932 3716 1091 3778 temptatum
1109 3710 1143 3763 ab
1166 3709 1200 3764 L.
1222 3708 1315 3764 Sextio
1339 3709 1452 3764 tribuno
1471 3711 1567 3778 plebis,
1591 3717 1624 3763 61
1644 3711 1815 3778 rogationem
1835 3712 1931 3779 ferret,

545 3818 603 3870 qus
628 3800 711 3855 Volua
729 3801 802 3854 61661
819 3799 940 3853 Larisos
958 3799 1049 3852 coloni
1066 3799 1248 3864 mitterentur,
1267 3814 1328 3864 per
1346 3798 1622 3852 intercessionem
1641 3799 1858 3868 6611696166,
1882 3801 1931 3867 qui

543 3888 653 3942 auitum
672 3888 845 3957 plebiscitum
863 3887 921 3940 ru'sa¹
943 3901 977 3939 aa
999 3886 1166 3939 auctoritate
1188 3890 1302 3939 6666166
1320 3900 1458 3951 passuros
1481 3901 1509 3939 se
1527 3886 1651 3953 perferri
1668 3887 1857 3955 6116616661,
1875 3888 1930 3942 ctis·

542 3991 653 4030 cessum
670 3983 717 4031 est.

632 4064 677 4134 84)
696 4064 770 4118 Haec
793 4066 835 4118 est
857 4062 1050 4116 Mommseni
1069 4061 1182 4130 (epham.
1212 4061 1294 4130 epigr.
1317 4061 1367 4131 111,
1391 4079 1416 4130 p.
1441 4061 1502 4131 100)
1529 4063 1674 4133 sententia,
1700 4080 1782 4133 quam
1806 4065 1929 4134 arripuit,

543 4153 672 4222 quoniam
690 4153 775 4206 totius
790 4151 883 4220 populi
899 4150 1073 4204 iureiurando
1087 4150 1138 4204 1166
1151 4149 1225 4218 leges
1240 4153 1358 4204 sacratas
1373 4166 1499 4205 essenon
1514 4167 1594 4220 posse
1608 4151 1699 4207 statim
1714 4153 1772 4220 ipse
1785 4153 1929 4221 intellexit,

543 4240 643 4310 speciei
671 4243 761 4294 autern
789 4239 879 4308 legum
908 4238 1086 4293 obtestatione
1115 4241 1142 4292 et
1165 4239 1365 4293 consecratione
1393 4243 1559 4294 sacratarum
1586 4242 1710 4296 nabnam
1739 4242 1848 4296 omnino
1875 4258 1930 4296 non

541 4329 687 4398 perspexit.

631 4418 676 4486 85)
696 4417 854 4486 Scriptores
875 4433 990 4486 quorum
1009 4416 1083 4471 locos
1102 4416 1131 4469 'rn
1149 4415 1210 4470 adn.
1226 4415 1261 4469 79
1276 4415 1366 4484 citavi,
1385 4416 1516 4484 oppidum
1531 4416 1634 4472 Ostiam
1654 4419 1809 4474 condidisse
1823 4423 1929 4473 Ancum

543 4505 676 4560 Marcium
695 4506 791 4560 dicunt
809 4521 902 4560 omnes
925 4507 1029 4574 praeter
1048 4504 1203 4559 Ciceronem
1221 4504 1255 4558 de
1273 4519 1328 4574 rap.
1348 4504 1373 4574 2,
1392 4506 1417 4573 3,
1437 4509 1461 4561 5.
1485 4505 1510 4574 2,
1530 4506 1572 4575 18,
1592 4507 1634 4575 33,
1658 4505 1706 4576 qui
1728 4507 1928 4562 6616616616·

543 4596 654 4650 duxisse
673 4612 763 4664 regem
779 4596 877 4650 narrat.
910 4593 1007 4648 Festus
1026 4597 1116 4649 autom
1130 4612 1155 4663 p.
1172 4593 1222 4648 197
1243 4594 1335 4664 oppidi
1353 4594 1455 4649 conditi
1474 4597 1501 4648 et
1520 4595 1639 4650 coloniae
1659 4596 1788 4650 deductae
1806 4597 1930 4661 tempora

543 4684 699 4754 distinguit:
728 4682 835 4738 Ostiam
852 4683 946 4738 urbem
964 4683 1003 4736 ad
1020 4684 1123 4738 6611616
1144 4683 1250 4737 Tiberis
1267 4683 1299 4736 ia
1317 4699 1392 4738 mare
1409 4683 1523 4749 [1666116
1536 4683 1634 4738 116666
1645 4684 1771 4737 Martiae
1793 4696 1843 4736 166
1865 4696 1929 4734 666-

543 4773 645 4828 didisse
660 4779 686 4828 et
703 4773 837 4839 feminino
856 4773 1008 4840 appellasse
1030 4771 1161 4826 66661616
1179 4773 1280 4837 fertur.
1300 4772 1374 4840 qaod
1392 4773 1460 4826 sive
1485 4771 1528 4824 art
1545 4771 1670 4839 orbem,
1694 4772 1763 4825 siue
1781 4769 1824 4823 od
1842 4769 1929 4823 colo·

542 4863 648 4929 trium,
668 4879 753 4930 quae
766 4867 887 4930 postea
906 4861 1044 4916 cortdita
1063 4867 1124 4928 est,
1143 4861 1273 4928 refertur.
