4674 6112
865 820 1129 892 *19
1186 856 1344 862 ,..-.-

410 1051 478 1095 rem
505 1031 671 1094 Atemiam
699 1034 731 1094 et
755 1028 919 1112 Tarpeiam
947 1030 1024 1092 anni
1048 1029 1111 1092 300
1135 1050 1166 1092 0.
1190 1050 1216 1093 0.
1239 1029 1338 1093 fuisse
1362 1031 1548 1112 conicio⁴⁶),
1575 1031 1631 1094 lex
1659 1031 1799 1114 denique

411 1159 533 1220 sacrata
564 1139 724 1233 militarie,
757 1173 854 1236 quam
885 1152 924 1215 M.
951 1152 1100 1216 Valerius
1129 1151 1252 1218 Corvus
1280 1155 1415 1218 dictator
1443 1173 1526 1218 anno
1556 1174 1586 1217 0.
1617 1174 1643 1217 e.
1672 1155 1737 1216 412
1764 1155 1798 1217 in

412 1279 548 1342 comitiis
575 1277 760 1340 centuriatis
785 1277 917 1358 1011141),
945 1277 1128 1340 coniectura
1151 1277 1224 1341 addi
1247 1283 1394 1362 possunt,
1423 1297 1620 1361 quamquam
1643 1277 1800 1361 plebisciti

411 1402 494 1466 Icilii
523 1401 644 1466 sanctio
672 1401 874 1483 aliquatenus
902 1400 1028 1463 diversa
1055 1407 1134 1482 erat,
1163 1401 1202 1464 de
1231 1401 1368 1465 dnarrun
1397 1407 1506 1465 autem
1529 1402 1664 1464 aliarum
1692 1401 1800 1484 legum

413 1526 575 1589 sanctione
590 1525 670 1587 nihil
685 1523 827 1587 traditur.
856 1522 957 1606 Leges
972 1529 1119 1605 sacratae,
1137 1524 1256 1607 quibus
1269 1524 1311 1589 M.
1327 1526 1490 1588 Antonius
1504 1544 1588 1588 anno
1606 1526 1668 1587 710
1684 1545 1716 1588 u.
1727 1527 1800 1604 c⁴⁸)

413 1702 506 1756 eodem
530 1699 671 1768 plebiscito
695 1714 783 1753 sermo
806 1701 889 1764 esset,
919 1697 1017 1766 quodsi
1040 1697 1124 1751 verba
1146 1715 1176 1751 eo
1195 1698 1338 1765 plebiscito
1361 1701 1395 1754 ad
1418 1701 1447 1753 id
1470 1699 1653 1768 plebiscitum,
1677 1700 1749 1768 qnod
1772 1700 1801 1752 in

414 1793 504 1844 monte
524 1804 601 1843 sacro
618 1789 742 1856 rogatum
762 1786 794 1840 ab
808 1786 920 1840 armatis
939 1801 999 1838 esse
1018 1786 1164 1852 putabatur
1182 1787 1251 1855 (Liv.
1268 1787 1293 1854 2,
1311 1789 1354 1856 33,
1373 1789 1397 1843 3.
1426 1787 1497 1841 Fest.
1513 1804 1535 1842 s.
1549 1805 1575 1842 v.
1595 1789 1715 1841 saeratae
1729 1787 1802 1855 leges

413 1895 438 1948 p.
458 1877 518 1932 318.
556 1877 612 1931 Cio.
636 1892 684 1945 pro
702 1875 771 1928 Tull.
790 1875 845 1944 49),
864 1875 1003 1928 referenda
1021 1873 1100 1942 suntff,
1120 1873 1164 1927 lex
1182 1875 1335 1930 tribunicia
1349 1876 1444 1944 prima
1462 1875 1538 1930 nulla
1556 1876 1610 1930 alia
1627 1891 1687 1928 esse
1704 1877 1801 1944 potest.¹

413 1967 468 2020 nisi
496 1965 669 2034 plebiscitum
692 1963 815 2028 lcilinm,
845 1979 932 2030 neque
960 1963 1033 2016 enim
1061 1963 1240 2016 vetustiorem
1264 1963 1349 2032 legem
1374 1963 1548 2018 tribuniciam
1572 1963 1706 2018 novimus.
1750 1963 1801 2016 Sed

415 2057 528 2108 fortasse
552 2054 581 2106 in
606 2053 732 2121 genuinis
751 2051 825 2105 Festi
843 2052 888 2104 vel
907 2051 998 2104 Verrii
1016 2049 1108 2103 verbis
1126 2051 1213 2118 magis
1232 2053 1376 2121 perspicua
1394 2051 1531 2121 plebisciti
1549 2051 1621 2105 icilii
1641 2051 1802 2118 significatio

414 2143 514 2208 inerat,
539 2157 601 2195 cum
624 2141 697 2194 enim
721 2141 804 2194 verba
826 2139 870 2192 lex
894 2138 1048 2192 tribunicia
1066 2137 1161 2204 priora
1185 2155 1232 2206 per
1258 2156 1287 2194 se
1305 2141 1366 2209 ipsa
1384 2142 1507 2209 speciata
1524 2138 1592 2193 satis
1610 2137 1721 2193 insolita
1739 2140 1801 2206 sint,

415 2230 506 2284 neseio
534 2245 569 2284 an
592 2245 609 2282 a
630 2228 727 2282 Verrio
750 2227 846 2282 Flacco
875 2228 1007 2296 scriptum
1035 2226 1118 2280 fuerit
1146 2227 1202 2295 lege
1230 2227 1338 2281 1016001
1360 2229 1427 2282 Icili
1454 2233 1574 2281 0000100.
1616 2226 1707 2281 Facile
1730 2228 1802 2280 enim
1893 2215 1896 2224 ’

415 2321 537 2386 apparet,
562 2317 695 2386 quomodo
714 2315 800 2370 ICILI
820 2317 956 2384 corrumpi
975 2316 1095 2384 potuerit
1113 2316 1141 2368 in
1159 2315 1262 2384 10111,
1286 2317 1368 2385 idque
1387 2317 1441 2386 legi
1459 2317 1515 2369 iaia
1533 2316 1635 2383 prima.
1655 2346 1689 2354 —
1708 2316 1802 2370 Sacro·

416 2408 510 2460 saneta
531 2407 622 2460 autem
645 2404 717 2458 lacta
739 2405 781 2458 est
803 2403 855 2457 hoe
874 2403 1016 2472 plebiscito
1040 2404 1188 2458 tribunicia
1209 2405 1341 2473 potestas,
1371 2421 1440 2473 quae
1466 2405 1545 2459 antea
1567 2405 1699 2459 adversus
1718 2404 1803 2458 solam

415 2494 471 2546 vim
500 2493 672 2548 sacrosancta
698 2495 767 2559 erat,
797 2491 880 2546 etiarn
903 2492 1035 2546 adversus
1063 2492 1261 2546 interfationem
1285 2491 1351 2560 (Cic.
1376 2491 1445 2546 sest.
1470 2493 1512 2559 37,
1537 2492 1579 2547 79.
1621 2492 1692 2546 Plin.
1716 2509 1757 2560 ep.
1779 2495 1802 2560 1,

415 2582 458 2650 23,
477 2582 501 2634 2.
539 2581 598 2635 Vel.
618 2579 681 2634 Max
700 2579 725 2646 9,
745 2581 769 2646 5,
790 2579 813 2634 2.
851 2580 903 2634 1110
922 2581 965 2647 53,
986 2580 1038 2648 17).

504 2669 550 2736 45)
570 2669 624 2724 Cio.
650 2685 697 2737 pro
717 2669 785 2724 Sest.
805 2670 848 2736 30,
872 2669 906 2722 65
930 2684 992 2720 cram
1015 2674 1041 2721 ct
1063 2669 1183 2722 sacroiab
1206 2667 1311 2737 legibus
1334 2674 1360 2721 et
1384 2667 1528 2722 duodecim
1551 2669 1653 2722 tubalia
1676 2675 1804 2722 sanctam

415 2763 492 2824 esset,
510 2763 544 2811 at
561 2774 626 2810 aeae
640 2758 819 2826 priuilegium
837 2757 962 2826 irrogari
979 2757 1072 2811 liceret
1089 2773 1155 2810 reeca
1166 2799 1171 2811 .
1184 2798 1206 2812 ..
1227 2758 1259 2811 60
1274 2758 1344 2812 dom.
1361 2759 1403 2825 17,
1418 2757 1453 2811 43
1471 2764 1566 2811 aaran
1583 2757 1653 2826 leges
1667 2763 1804 2824 00000100,

414 2852 508 2900 vetant
532 2846 602 2898 XII
622 2845 733 2899 abulae
755 2845 825 2914 leges
838 2845 960 2912 0010010
978 2843 1136 2897 bominibus
1158 2844 1296 2912 irrogari,⁸
1323 2846 1354 2898 id
1383 2852 1423 2899 cet
1444 2846 1517 2900 enim
1536 2847 1721 2915 privilcpiam.
1762 2847 1804 2900 Ex

415 2935 515 3004 quibus
541 2933 631 2988 verbis
654 2936 765 3001 apparet
787 2950 822 2987 ex
845 2933 983 2987 Ciceronis
1009 2933 1143 2986 sententia
1164 2933 1251 3000 legem
1275 2933 1350 2987 illam
1379 2938 1512 2990 sacratam
1538 2937 1600 2990 ante
1622 2935 1679 2988 XII
1697 2934 1804 2989 tabulas

414 3023 495 3078 latam
515 3037 583 3088 esse,
601 3039 714 3090 eamque
734 3023 896 3076 sententiam
914 3021 1139 3076 Mommsanns
1157 3021 1206 3088 11⁹,
1226 3039 1250 3089 p.
1271 3022 1331 3090 261,
1355 3022 1417 3076 adn.
1439 3025 1452 3075 1
1474 3027 1585 3078 secutus
1604 3027 1653 3090 est,
1673 3040 1735 3077 cum
1755 3040 1803 3092 ego

414 3111 620 3176 0000100,
645 3127 668 3178 p.
689 3110 749 3164 629.
775 3111 828 3165 639
853 3109 1015 3178 peculiarem
1038 3109 1125 3178 legem
1149 3110 1182 3163 de
1205 3109 1550 3192 privilegiis‘statuendam
1575 3128 1628 3165 non
1647 3127 1706 3164 asse
1725 3115 1803 3180 puta-

415 3201 509 3254 verim.
526 3229 558 3238 —
579 3199 788 3252 Sacrosanctum
807 3198 860 3251 fuit
878 3197 926 3252 illa
943 3197 1001 3264 lege
1020 3197 1064 3251 ius
1082 3199 1297 3266 provocationis,
1321 3198 1393 3268 quod
1412 3198 1563 3267 privilegiis
1582 3200 1733 3267 irrogandis
1752 3200 1804 3252 im-

417 3288 553 3340 minutum
571 3288 637 3354 erat,
657 3286 812 3340 accuratius
832 3301 913 3353 quam
932 3289 1017 3339 antea.

505 3375 627 3444 46)ch
650 3375 722 3428 eninr
742 3374 855 3428 Aternia
878 3373 990 3440 Tarpeia
1013 3373 1045 3426 60
1068 3372 1154 3427 multa
1177 3376 1204 3427 01
1227 3377 1394 3428 sacramento
1418 3373 1482 3443 (Cio.
1508 3375 1540 3428 de
1563 3391 1618 3444 rep.
1644 3375 1668 3443 2,
1693 3378 1736 3443 35,
1761 3377 1803 3430 60.

416 3465 495 3518 Dion.
512 3464 553 3530 10,
569 3463 623 3531 50),
643 3479 712 3531 quae
725 3463 843 3516 tribunis
858 3463 945 3533 plebis
961 3463 1005 3517 ius
1019 3461 1121 3516 multae
1136 3461 1263 3516 dietioms
1277 3465 1305 3515 et
1319 3462 1427 3516 civibus
1441 3464 1658 3531 provocationem
1673 3465 1805 3518 adversus

416 3569 462 3606 eas
475 3551 584 3620 multas,
600 3567 670 3620 quae
685 3566 839 3618 supremam
855 3551 968 3606 multam
983 3552 1182 3620 egrederentur,
1197 3549 1279 3617 dedit,
1295 3567 1325 3604 eo
1342 3551 1400 3604 sine
1415 3551 1497 3606 dubio
1513 3551 1627 3606 consilio
1641 3551 1697 3605 lata
1710 3555 1759 3618 est,
1774 3558 1805 3605 ut

418 3640 521 3696 tribuni
539 3639 626 3709 plebis
645 3639 789 3708 privilegia
807 3640 964 3695 hominibus
979 3639 1101 3709 patriciis
1116 3639 1234 3707 irrogare
1249 3638 1402 3694 desinerent
1416 3639 1460 3708 (ol.
1476 3640 1552 3694 Rom.
1573 3640 1627 3694 Alt.
1641 3639 1675 3708 1³,
1693 3655 1718 3708 p.
1734 3638 1804 3708 621).

506 3730 552 3798 47)
570 3729 630 3784 Lis.
651 3730 675 3796 7,
694 3729 738 3796 41,
761 3729 780 3780 4
803 3729 846 3782 lea
869 3745 977 3797 qaoque
1000 3734 1114 3782 sacrata
1137 3727 1267 3780 militaria
1290 3728 1349 3782 lata
1368 3735 1420 3795 eat,
1443 3745 1478 3782 aa
1497 3729 1578 3782 cuias
1596 3729 1692 3782 militia
1710 3729 1807 3795 scripti

418 3835 517 3872 aoruca
532 3819 589 3871 aiei
603 3819 663 3884 apso
677 3817 783 3871 colante
797 3817 948 3884 60100100,-
962 3817 1143 3884 additumque
1156 3817 1218 3884 lapi,
1232 3833 1267 3870 ac
1281 3817 1353 3883 qaia,
1367 3817 1416 3870 abi
1430 3817 1561 3871 tubanas
1571 3816 1689 3870 inditam
1697 3817 1807 3883 suisset,

417 3912 512 3972 postea
530 3905 661 3960 ordinum
679 3905 779 3960 dacwr
802 3912 878 3961 esset.
915 3887 954 3961 01.
975 3907 1067 3961 Zonar.
1088 3907 1112 3974 7,
1132 3905 1175 3973 25,
1194 3923 1219 3974 p.
1241 3905 1292 3959 164
1310 3905 1391 3959 Dind.
1416 3903 1621 3970 κατηλλάγησαν
1643 3903 1670 3954 ot
1693 3904 1806 3955 στασιά-

418 4011 512 4052 σαντος
544 3993 629 4055 νόμων
666 3997 800 4046 τιθέντων
831 3992 892 4060 μήτ’
925 3994 1026 4046 ἄκοντά
1063 4012 1125 4044 τινα
1157 3997 1208 4044 τοῦ
1245 3993 1397 4055 καταλόγου
1430 3989 1635 4050 &walderadae
1666 3992 1733 4060 μὴη
1759 3993 1807 4043 τὸν

416 4081 632 4152 χιλιαρχήσανια
651 4083 865 4154 ἑκατονταρχιῖν.
876 4083 1128 4138 —Sacrosauctum
1147 4083 1249 4137 facturn
1267 4086 1310 4136 est
1327 4100 1359 4137 ea
1376 4083 1434 4151 lege
1453 4081 1668 4149 conscriptorum
1688 4081 1807 4136 militum

418 4171 463 4224 ius
486 4187 572 4238 usqne
596 4172 629 4226 ad
653 4171 734 4226 linem
756 4172 821 4226 belli
844 4172 872 4226 in
895 4172 1002 4240 legione
1025 4170 1159 4239 merendi,
1183 4171 1255 4240 quod
1274 4175 1353 4226 antea
1375 4189 1391 4226 a
1414 4172 1538 4239 consule,
1564 4173 1611 4240 qui
1629 4170 1807 4224 missionibus

421 4258 639 4312 turbulentorum
663 4260 805 4314 hominum
825 4261 974 4314 exereitum
994 4275 1109 4328 purgare
1132 4261 1245 4314 conatus
1264 4261 1322 4313 erat
1339 4260 1409 4328 (Lis.
1429 4262 1454 4328 7,
1473 4259 1516 4327 39,
1537 4261 1571 4329 1),
1591 4260 1724 4314 violatum
1742 4261 1806 4312 erat

491 4347 537 4415 48)
555 4347 611 4400 Lex
632 4350 751 4402 Antonia
774 4351 807 4402 de
831 4349 966 4402 dictatura
988 4348 1114 4416 tollenda,
1139 4349 1171 4401 de
1195 4363 1249 4416 qua
1271 4348 1315 4416 egi
1337 4349 1366 4400 in
1389 4349 1624 4403 commentationis
1647 4349 1680 4402 de
1702 4348 1808 4416 legibus

419 4435 546 4490 Antoniis
563 4437 638 4502 parts
657 4437 746 4505 priore
765 4436 849 4505 (Lips.
872 4435 948 4490 1871.
964 4453 988 4504 p.
1005 4435 1041 4504 8),
1062 4436 1159 4504 capitis
1178 4437 1380 4490 consecratione
1398 4439 1492 4492 sancta
1509 4440 1575 4506 erat,
1594 4439 1626 4491 01
1643 4440 1754 4506 apparet
1772 4452 1806 4488 ex

420 4527 488 4593 App.
509 4524 534 4577 b.
554 4540 576 4576 0.
596 4525 623 4590 3,
642 4523 675 4578 25
695 4523 709 4574 6
729 4525 756 4576 δι’
775 4521 965 4582 Ἀντώνιος...
990 4524 1137 4590 ἐψηφίσατο
1160 4524 1198 4588 μὴ
1222 4523 1318 4580 ἐξεῖναί
1342 4543 1376 4590 τῳ
1396 4527 1465 4577 κατὰ
1483 4527 1616 4593 μηδεμίαν
1635 4525 1728 4576 αἰτίαν
1746 4525 1808 4594 περὶ

420 4611 577 4683 δικτάτορας
601 4610 685 4683 ἀρχῆς
708 4612 785 4682 (μῆτο
805 4611 900 4681 εἰπεῖν)
924 4611 990 4680 μήτ’
1012 4611 1182 4679 ἐπιψηφίζειν
1204 4612 1271 4679 μήτε
1295 4614 1387 4677 λαβεῖν
1410 4616 1557 4680 διδομένην,
1583 4612 1664 4681 ἢτόν
1684 4613 1709 4663 ἐκ
1728 4613 1810 4662 τῶνδέ

419 4720 493 4760 τινος
517 4700 680 4772 ὑπεριδόντα
705 4703 813 4768 νηποινὶ
836 4701 902 4772 πρὸς
921 4706 973 4752 τῶν
992 4701 1153 4763 ἐντυχόντων
1176 4699 1362 4771 ἀναιρεῖσθαι.
1394 4703 1432 4758 Of.
1458 4703 1493 4756 ib.
1517 4704 1550 4756 57
1574 4705 1602 4756 et
1624 4703 1675 4756 Dio
1698 4703 1741 4769 44,
1765 4703 1808 4755 51.

419 4792 463 4859 45,
483 4791 525 4846 32.
564 4791 626 4845 Zon.
647 4791 688 4858 10,
705 4791 746 4844 12.
774 4820 809 4828 -
839 4789 1016 4844 Sacrosancta
1038 4805 1070 4844 ea
1092 4789 1150 4857 lege
1173 4789 1226 4843 1011
1248 4788 1308 4858 ipsa
1329 4789 1440 4844 libertas
1465 4791 1580 4859 civium,
1605 4806 1673 4860 quae
1697 4789 1809 4843 Caesare

350 4888 356 4900 ·
420 4880 559 4934 interfecto
578 4882 736 4948 recuperata
755 4895 813 4933 esse
832 4878 982 4933 videbatur.

1557 4966 1594 5019 3*
