4674 6112
851 805 1010 812 -..-
1068 768 1113 840 11
1172 801 1330 806 --ψ-

397 989 565 1069 propterea
578 981 705 1066 probari
724 1000 792 1044 non
810 986 921 1065 potest,
941 977 1028 1062 quod
1046 995 1152 1060 neque
1172 994 1255 1059 quae
1275 977 1316 1039 sit
1335 976 1537 1038 sanctionum
1558 974 1784 1039 sacrandamm

397 1127 506 1190 penae
520 1107 589 1187 ipso
604 1106 693 1187 ratio,
706 1123 813 1188 neque
833 1105 938 1167 curin
951 1101 1207 1184 interrogatione,
1223 1118 1305 1182 quae
1320 1100 1469 1183 deinceps
1484 1101 1641 1183 sequitur,
1654 1119 1691 1164 ea
1705 1103 1785 1165 ratio

403 1232 507 1295 omitti
539 1230 694 1314 potuerit,
725 1227 876 1312 probabili
909 1227 1121 1311 explicatione
1152 1221 1370 1288 ostenderunt.
1415 1221 1658 1290 Luebbertus
1690 1227 1787 1307 enim,

404 1373 487 1437 quae
510 1354 690 1418 sanctiones
709 1371 820 1434 penem
841 1351 910 1430 ipso
934 1350 1106 1414 sacrandae
1129 1367 1199 1412 esse
1224 1349 1384 1428 dicantur,
1416 1366 1469 1411 eas
1497 1349 1597 1412 fuisso
1630 1351 1787 1432 opinatur,

404 1477 523 1562 quibus
546 1476 711 1540 foederum
734 1477 975 1539 immunitatum
999 1473 1176 1536 aliarumve
1195 1491 1269 1535 cum
1289 1471 1472 1536 civitatibus
1491 1473 1586 1537 sociis
1603 1476 1786 1557 pactionum
1879 1509 1884 1520 ·

404 1602 647 1666 constitutiones
671 1604 887 1663 sacrosanctae
910 1597 1009 1660 factae
1033 1602 1148 1677 esseut,
1172 1614 1290 1679 easque
1314 1597 1496 1659 sanctiones
1519 1598 1565 1661 eis
1584 1597 1691 1661 verbis
1713 1618 1788 1662 con-

401 1729 507 1808 ceptas
530 1724 631 1788 fuisso
655 1724 785 1804 conicit,
808 1729 846 1785 ut
869 1722 1041 1785 sanctionis
1063 1720 1133 1782 loco
1156 1721 1196 1782 iis
1220 1719 1467 1800 adscriberetur,
1490 1721 1647 1804 populum
1669 1721 1786 1786 Roma-

401 1868 482 1913 num
509 1854 546 1911 ut
575 1852 792 1912 sacrosanctae
822 1851 930 1910 essent
956 1845 1039 1909 velle
1067 1843 1243 1925 inbore’tl,
1270 1844 1352 1907 hano
1380 1849 1488 1907 autem
1512 1847 1715 1910 sanctionum
1739 1867 1788 1910 sa·

401 1973 591 2036 orandorum
614 1973 771 2034 rationem
794 1975 905 2054 postea
928 1970 1055 2034 silentio
1079 1969 1207 2032 transiri
1230 1969 1374 2051 potuisse
1391 1973 1491 2050 putat,
1516 1969 1601 2051 quod
1625 1969 1687 2034 tale
1711 1973 1789 2055 quid

402 2095 441 2158 de
463 2094 589 2158 loedere
613 2093 769 2158 Gaditano
793 2099 960 2157 accusator
977 2092 1069 2156 Balbi
1088 2093 1219 2156 omnino
1243 2111 1308 2155 non
1331 2093 1490 2175 potuisset
1506 2093 1655 2176 proferre.
1692 2094 1789 2160 Her·

402 2219 540 2300 zogius
555 2222 665 2280 contra
680 2218 882 2281 sanctionum
897 2217 1121 2281 sacrandarum
1133 2237 1244 2297 qaaere
1257 2216 1326 2296 ipso
1340 2216 1495 2280 rationem
1511 2216 1551 2280 ad
1564 2215 1668 2300 genus
1681 2219 1788 2302 ipsum

403 2339 511 2422 aqam,
531 2340 597 2404 scil.
617 2340 656 2403 ad
675 2360 778 2424 genus
797 2340 876 2404 illud
895 2341 1003 2424 legum
1021 2341 1125 2422 refert,
1144 2358 1226 2424 quae
1242 2345 1279 2403 ut
1293 2339 1378 2422 leges
1394 2341 1498 2424 regiae
1512 2359 1569 2425 per
1583 2359 1618 2404 se
1632 2347 1789 2424 spectatae

403 2464 541 2528 indolem
561 2484 681 2528 sacram
700 2483 776 2547 prae
795 2483 830 2529 se
847 2465 1012 2546 forante),
1030 2483 1165 2547 eamque
1185 2465 1287 2528 omitti
1307 2468 1419 2547 postea
1436 2467 1580 2548 potuisse
1594 2471 1695 2549 putat,
1714 2468 1792 2550 quia

404 2588 443 2651 de
466 2587 521 2650 illo
549 2607 666 2671 genere
693 2588 801 2672 legum
829 2591 864 2652 in
891 2588 1127 2673 interpretando
1155 2588 1282 2651 foedere
1311 2586 1465 2652 Gaditano
1494 2608 1599 2653 sermo
1626 2609 1697 2654 esse
1725 2609 1790 2654 non

403 2713 569 2794 potuisset.
602 2711 669 2775 Vix
687 2719 736 2776 est
755 2713 841 2796 quod
861 2713 964 2776 dicam
982 2714 1018 2775 in
1036 2711 1230 2792 definitione,
1244 2730 1327 2793 quae
1341 2713 1483 2776 maxima
1500 2714 1723 2796 perspicuitate
1742 2716 1790 2777 in·

408 2835 507 2919 diget,
534 2855 714 2920 numquam
738 2835 923 2901 Ciceronem
948 2842 1012 2900 tam
1035 2835 1172 2900 obscura
1200 2835 1327 2899 dicendi
1353 2838 1489 2918 ratione,
1515 2856 1655 2901 usurum
1682 2838 1792 2920 fuisse,

406 2959 535 3040 qualem
559 2961 619 3022 viri
642 2960 725 3024 docti
748 2959 1062 3043 interpretationibus
1086 2961 1153 3024 suis
1173 2959 1344 3024 verborum
1360 2981 1470 3042 penae
1487 2961 1556 3040 ipso
1575 2962 1604 3025 ei
1623 2963 1791 3045 imputant
1846 2978 1847 2982 ’

404 3155 494 3205 autem
519 3153 618 3207 rationi
636 3153 690 3206 loci
708 3152 869 3207 emendandi
892 3153 993 3220 obstat,
1018 3150 1091 3220 quod
1109 3167 1203 3218 poeno
1226 3168 1314 3220 neque
1337 3155 1477 3206 consecrat
1499 3169 1587 3222 neque
1610 3157 1791 3224 consecratur,

405 3239 477 3294 unde
496 3242 621 3310 sequitur
639 3257 701 3294 cum
720 3242 846 3310 genetivo
860 3257 969 3308 porum
988 3240 1097 3294 omnino
1116 3239 1245 3308 coniungi
1262 3256 1317 3294 non
1336 3257 1415 3309 posse
1434 3243 1648 3296 consecratione.

495 3328 539 3397 24)
558 3329 721 3397 Exemplum
746 3330 895 3385 sanctionis
918 3329 1053 3382 eiusmodi
1075 3344 1162 3396 neque
1185 3326 1278 3380 attulit
1300 3344 1387 3396 nequo
1411 3328 1507 3382 afferro
1530 3331 1631 3398 potnit;
1662 3349 1735 3386 nunc
1762 3333 1792 3386 in

405 3431 462 3484 cap.
478 3417 512 3470 66
530 3416 599 3486 legis
617 3417 706 3472 iuliae
725 3418 844 3473 coloniae
861 3417 1007 3471 Genetivao
1021 3415 1143 3484 (Ephem.
1164 3416 1246 3484 epigr.
1266 3415 1316 3484 ΠΙ,
1335 3433 1360 3485 p.
1371 3416 1416 3484 93)
1435 3417 1610 3485 pontificibus
1628 3421 1792 3488 auguribus-

405 3521 457 3574 que
476 3506 535 3560 eius
554 3505 675 3560 coloniae
689 3508 799 3560 cautum
814 3523 882 3574 asse,
898 3510 929 3560 ut
944 3505 1059 3558 militiae
1078 3505 1254 3571 itinerisque
1270 3504 1377 3571 publici
1396 3506 1567 3558 avocationem
1585 3513 1792 3562 sacrosanctam

404 3592 547 3662 haberent,
571 3596 685 3649 constat,
723 3593 775 3648 Sed
799 3595 902 3661 dubito,
930 3609 996 3647 num
1019 3594 1078 3662 ipse
1096 3592 1305 3647 Luebbertus
1324 3593 1375 3647 hoc
1398 3594 1522 3662 exemplo
1545 3595 1579 3648 ad
1598 3594 1792 3650 defendendam

405 3697 483 3736 suam
502 3682 709 3750 explicationem
724 3683 784 3736 iuro
798 3683 841 3736 uti
854 3683 941 3752 possit
947 3699 954 3750 ;
973 3699 1037 3736 nam
1051 3697 1138 3750 neque
1156 3682 1186 3735 in
1200 3681 1344 3750 finelegis,
1364 3682 1411 3737 ubi
1429 3682 1638 3738 Luebbertus
1657 3686 1791 3752 „sanctio-

406 3770 450 3823 nis
468 3769 546 3824 loco“
565 3771 733 3840 adscriptum
752 3771 933 3825 sacrosanctis
953 3770 1194 3825 constitutionibus
1212 3771 1298 3824 fnisse
1317 3774 1417 3838 censet,
1440 3771 1571 3840 populum
1591 3772 1742 3827 Romanum
1762 3779 1794 3829 ut

406 3863 593 3914 sacrosanctae
616 3862 707 3914 essent
730 3858 799 3912 velle
819 3859 922 3928 iubere,
947 3859 1030 3913 verba
1046 3858 1095 3913 illa
1113 3859 1254 3928 leguntur,
1278 3876 1366 3928 neque
1384 3859 1429 3912 lex
1446 3859 1519 3914 Iulia
1536 3863 1578 3914 est
1596 3861 1640 3914 lex
1658 3878 1675 3917 a
1693 3863 1793 3934 populo

406 3947 517 4016 plebsve
545 3953 651 4016 sancta,
675 3950 775 4004 nedum
799 3951 904 4003 sacrata
932 3951 1040 4017 propter
1063 3947 1131 4001 illud
1155 3951 1237 4016 caput
1259 3947 1395 4001 nominari
1412 3949 1538 4016 potnerit.
1576 3951 1696 4019 Accedit,
1721 3953 1793 4021 qnod

405 4053 439 4090 ox
462 4037 521 4106 lege
544 4038 614 4106 data,
639 4055 707 4107 quae
732 4039 828 4092 mortis
847 4037 970 4092 Caesaris
990 4039 1109 4105 tempore
1129 4037 1230 4105 son'pta
1248 4039 1302 4101 ost,
1327 4035 1418 4103 colligi
1436 4053 1490 4090 nou
1513 4042 1602 4105 potest
1625 4041 1792 4094 vacationem

352 4162 355 4168 .
407 4125 528 4195 militiae,
548 4144 617 4196 quae
636 4127 750 4181 coloniis
769 4127 922 4192 maritimis,
941 4126 968 4179 h.
988 4143 1010 4180 e.
1031 4124 1144 4180 coloniis
1163 4125 1267 4178 civium
1286 4123 1478 4194 Romanorum,
1498 4142 1551 4179 non
1570 4127 1722 4196 foederatis,
1741 4131 1795 4182 luit

406 4215 476 4282 (Liv.
492 4215 534 4283 27,
550 4215 593 4283 38,
613 4216 649 4283 3),
668 4219 696 4270 ot
714 4216 772 4269 sino
792 4215 873 4268 dnbio
892 4215 998 4284 legibus
1018 4214 1131 4268 sacratis
1150 4214 1212 4266 data
1231 4213 1345 4267 coloniis
1364 4213 1500 4282 illiserat,
1520 4215 1559 4268 eis
1578 4216 1670 4269 eadem
1689 4217 1794 4272 ratione

407 4319 461 4372 qua
478 4304 653 4372 pontificibus
672 4305 874 4374 auguribusque
894 4303 1013 4357 coloniae
1033 4302 1178 4356 Genetivae
1197 4302 1287 4356 datam
1305 4319 1374 4370 esse,
1393 4320 1447 4372 qua
1466 4304 1498 4357 de
1516 4321 1546 4357 re
1565 4321 1590 4358 v.
1610 4304 1687 4360 infra.

496 4392 540 4460 25)
559 4393 651 4460 Ipsius
669 4393 828 4461 Herzogii
847 4393 930 4446 rerba
948 4396 1025 4445 sunt:
1048 4390 1142 4445 Oi'cero
1163 4399 1226 4460 sapt
1243 4393 1312 4459 also,
1336 4392 1380 4446 die
1398 4392 1544 4446 Kritericu
1562 4393 1637 4446 aeica
1659 4395 1795 4448 entweder

405 4497 512 4549 penus
537 4481 659 4548 ipsum,
681 4481 725 4535 die
744 4481 798 4535 Art
820 4481 867 4535 des
889 4481 1023 4546 Gcsctzcs,
1047 4479 1072 4534 d.
1091 4480 1117 4533 h.
1138 4480 1203 4534 dces
1222 4496 1250 4534 ee
1268 4498 1307 4533 on
1332 4482 1390 4536 sicia
1413 4481 1538 4535 somnior
1556 4481 1653 4535 Nolui
1670 4483 1711 4536 aei
1730 4483 1793 4552 (agl.

408 4567 452 4620 die
475 4568 563 4637 leges
586 4569 721 4637 regiae).
759 4571 828 4623 Ante
853 4569 945 4624 oculos
964 4569 1095 4623 habuisse
1112 4568 1221 4622 videtur
1239 4569 1407 4624 Huschkii
1425 4571 1521 4638 verba,
1546 4587 1614 4639 quae
1632 4571 1661 4624 in
1679 4572 1739 4626 adn.
1760 4571 1795 4624 22

405 4658 553 4726 perscripsi
571 4660 599 4711 et
616 4659 739 4712 eiusdem
758 4657 840 4712 verba
858 4657 885 4726 (l.
906 4675 928 4712 c.
947 4676 973 4726 p.
993 4657 1053 4726 367,
1073 4658 1132 4712 adn.
1153 4659 1211 4726 act:
1236 4658 1392 4726 Jedanfain
1411 4675 1506 4712 maren
1524 4658 1590 4712 aber
1612 4659 1671 4713 ibre
1691 4660 1796 4729 (legum

405 4747 558 4815 regiarum)
585 4747 757 4802 Sanctionem
784 4747 870 4801 sebon
892 4763 990 4816 ponere
1013 4748 1073 4816 ipso
1094 4747 1238 4816 qebcilipla
1261 4748 1323 4800 aad
1345 4765 1402 4802 aar
1421 4747 1498 4801 nicht
1520 4747 1623 4801 soioobi
1645 4763 1726 4801 sacro
1750 4748 1793 4802 als

406 4835 481 4888 sacri
499 4837 664 4889 sanctiones.
1723 4855 1724 4859 ¹
