4674 6112
871 823 1026 829 ..-.„-
1083 787 1132 859 39
1190 823 1203 827 -
1250 821 1285 828 ..

415 998 506 1080 πρὸς
529 995 596 1072 τὴν
612 997 752 1080 βουλὴν
774 997 971 1071 συνθήκας
990 995 1051 1056 διὰ
1070 1000 1140 1056 τῶν
1158 994 1412 1076 εἰρηνοδικῶν,
1436 995 1489 1064 οὓς
1506 1001 1637 1059 καλοῦσι
1653 999 1802 1081 Ῥωμαῖοι

414 1122 581 1200 maradian.
619 1120 682 1198 Qui
705 1124 764 1186 etsi
789 1123 923 1187 diversis
942 1121 1106 1184 annalium
1128 1119 1362 1184 narrationibus
1382 1117 1465 1184 male
1489 1123 1712 1188 contaminatis
1730 1133 1802 1209 post

414 1247 527 1311 foedus
550 1248 651 1311 ictum
675 1248 709 1308 in
733 1265 821 1310 sacro
844 1252 954 1308 monte
981 1265 1001 1309 a
1022 1243 1125 1308 Bruto
1153 1243 1357 1327 plebiscitum
1384 1244 1423 1307 da
1451 1244 1621 1310 tribunicia
1648 1255 1802 1330 potestate

415 1390 485 1436 esse
508 1371 639 1451 factum,
660 1369 760 1453 idque
781 1368 983 1452 plebiscitum
1003 1375 1113 1452 postea
1136 1367 1174 1431 ab
1197 1367 1339 1431 munibus
1358 1367 1483 1431 civibus
1502 1370 1708 1436 iureiurando
1732 1391 1802 1438 esso

417 1495 641 1558 confirmatum
665 1501 770 1556 rrarrat
793 1493 875 1573 (adn.
901 1493 964 1574 04),
986 1492 1100 1556 foedus
1123 1497 1230 1556 temen
1258 1494 1359 1556 ictum
1387 1511 1545 1556 essenon
1569 1497 1704 1560 coniecit
1722 1499 1803 1563 mele

417 1618 579 1682 intellecto
601 1618 689 1682 fonte
713 1637 772 1681 suo
796 1615 893 1701 (quae
912 1615 1136 1679 Mommseni
1159 1618 1316 1681 sententia
1339 1617 1410 1700 est),
1438 1615 1493 1680 sed
1517 1617 1586 1682 sine
1611 1618 1707 1683 dubio
1730 1641 1801 1705 per-

418 1744 562 1826 spicuam
594 1743 730 1807 foederis
762 1742 958 1805 mentionem
989 1741 1025 1802 in
1056 1738 1200 1804 fontibus
1237 1741 1305 1804 suis
1337 1741 1511 1805 invenerat.
1561 1740 1610 1807 De
1641 1744 1802 1810 fetialibus

416 1874 524 1930 autem
546 1863 696 1931 adhibitis
719 1866 856 1928 narratio
878 1866 913 1927 in
937 1864 1153 1946 suspicionem
1176 1864 1322 1928 vocanda
1349 1883 1414 1928 non
1438 1871 1499 1944 ast,
1529 1885 1604 1930 nam
1632 1870 1692 1932 etsi
1718 1869 1802 1954 plebi

415 1989 535 2054 fetiales
555 2010 621 2054 non
640 1995 738 2071 erant,
755 1988 853 2052 fetiali
871 1995 978 2052 tamen
996 1989 1068 2051 iure
1087 1993 1118 2050 ot
1137 1987 1283 2052 adhibitis
1297 1989 1409 2072 populi
1423 1987 1559 2052 Romani
1575 1990 1803 2080 sodalibuswt)

415 2113 529 2178 foedus
552 2115 596 2177 ita
618 2115 660 2176 ici
683 2119 813 2197 poterat,
837 2117 874 2176 ut
891 2111 1000 2195 populi
1020 2113 1150 2175 nomine
1173 2112 1324 2176 consules
1348 2119 1380 2175 et
1402 2113 1504 2196 plebis
1528 2116 1658 2178 nomine
1681 2117 1802 2182 tribuni

415 2235 515 2319 plebis
538 2237 651 2300 foedus
674 2236 879 2301 iureiurando
907 2237 969 2319 ipsi
997 2235 1223 2299 confirmarent
1233 2238 1296 2316 108).
1342 2236 1424 2299 Nam
1457 2238 1491 2300 in
1524 2239 1582 2300 hac
1613 2258 1648 2302 ra
1681 2259 1802 2306 errasse

417 2359 611 2442 Dionysium
635 2360 867 2426 Mommseno
897 2359 1036 2423 concedo
1047 2361 1111 2441 ¹⁰⁹),
1140 2360 1226 2443 quod
1254 2381 1359 2424 omncs
1382 2362 1469 2424 cives
1496 2363 1620 2427 iurasse
1648 2368 1801 2446 narrarit3

416 2485 641 2550 iusiurandum
665 2487 761 2567 enim,
784 2485 869 2568 quod
893 2484 1004 2568 populi
1026 2491 1058 2548 et
1080 2483 1181 2567 plebis
1203 2486 1333 2550 nomina
1355 2486 1496 2549 iuratum
1521 2492 1579 2568 est,
1602 2507 1667 2569 quo
1691 2507 1802 2554 omnes

416 2606 545 2692 obhgati
565 2615 650 2690 sunt,
668 2610 895 2674 iusiurandum
913 2609 1013 2672 fuisse
1032 2609 1182 2690 opinatus
1199 2614 1248 2672 est
1267 2609 1339 2690 tale,
1363 2629 1427 2692 quo
1447 2610 1568 2693 singuli
1586 2629 1698 2676 omnes
1716 2614 1802 2678 ciras

415 2732 627 2816 adigerentur,
660 2734 765 2816 qualis
795 2733 1003 2798 iurisiurandi
1035 2732 1220 2815 exemplum
1251 2734 1286 2795 in
1318 2735 1498 2797 narratione
1531 2734 1570 2798 de
1597 2735 1803 2801 iureiurando

414 2856 524 2938 populi
543 2875 626 2920 anno
651 2859 715 2920 245
735 2879 766 2921 u.
786 2877 811 2921 o.
830 2859 934 2921 iurato
957 2859 1026 2940 ipse
1046 2858 1076 2937 5,
1096 2857 1112 2918 l
1133 2862 1327 2940 exposuerat
1355 2857 1437 2934 (adn.
1468 2857 1553 2937 101).
1598 2858 1672 2922 Non
1696 2863 1803 2944 magni

414 2982 581 3061 momenti,
614 2987 751 3046 attamen
781 3001 846 3045 non
874 2981 1091 3065 spernendum
1114 2986 1176 3062 est,
1209 2980 1294 3063 quod
1318 2978 1496 3061 Dionysius
1529 2982 1716 3048 defoedare
1739 2985 1802 3048 icto

417 3105 526 3168 multis
554 3105 624 3168 aliis
652 3105 733 3168 locis
761 3104 822 3168 sibi
849 3106 1046 3186 oonstat¹¹⁰).
1092 3103 1223 3167 Maioris
1251 3110 1356 3168 autem
1385 3107 1539 3169 momenti
1562 3113 1620 3189 est,
1648 3107 1735 3189 quod
1757 3127 1802 3185 aa,

416 3247 498 3312 quae
522 3229 560 3292 de
583 3230 653 3312 ipsa
670 3228 879 3292 iurisiurandi
896 3228 999 3291 forma
1017 3227 1153 3308 tradidit,
1175 3245 1241 3290 non
1264 3247 1339 3290 cum
1357 3227 1458 3290 forma
1478 3232 1669 3294 sacramenti
1683 3251 1804 3314 eorum,

416 3353 473 3436 qui
504 3354 588 3416 inter
615 3371 649 3416 so
681 3353 850 3415 coniurant
881 3352 962 3432 (adn.
987 3352 1038 3413 61.
1065 3351 1153 3432 102),
1185 3349 1241 3413 sed
1274 3369 1348 3413 cum
1375 3350 1479 3414 forma
1506 3354 1576 3416 eius
1605 3358 1804 3436 sacramenti,

506 3616 569 3684 107)
588 3615 733 3670 Fetialium
756 3615 942 3670 adhibitorum
964 3613 1112 3680 vestigium
1136 3612 1217 3668 etiam
1241 3613 1270 3666 in
1293 3627 1325 3668 aa
1342 3629 1372 3667 re
1390 3613 1465 3668 cerni
1484 3617 1580 3683 potest,
1605 3617 1679 3685 qnod
1698 3616 1750 3672 Dio
1769 3619 1801 3672 fr.

417 3706 458 3774 17,
477 3705 494 3760 9
510 3705 592 3760 verbo
607 3702 845 3775 θιιιηρυιεύσαντο
860 3704 956 3770 utitur,
975 3705 1003 3757 et
1021 3702 1092 3771 qnod
1107 3700 1167 3755 Liv.
1183 3702 1209 3769 2,
1224 3701 1266 3770 32,
1281 3701 1299 3755 8
1322 3703 1470 3772 Agrippam
1489 3701 1645 3758 Menenium
1666 3711 1803 3760 oratorem

416 3795 494 3848 dicit.
532 3794 570 3848 Cl.
591 3793 646 3848 Cio.
666 3794 699 3847 de
717 3793 767 3862 lag.
788 3792 812 3860 2,
831 3792 857 3860 9,
876 3792 918 3847 21.
955 3791 1042 3846 Varro
1061 3791 1133 3858 apud
1152 3790 1221 3845 Non
1241 3807 1266 3859 p.
1286 3790 1338 3845 520
1357 3790 1393 3844 hi.

505 3881 567 3950 108)
587 3881 626 3937 Cf.
651 3897 719 3950 quae
742 3880 979 3946 Mommsenus,
1003 3879 1113 3934 Steatsr.
1138 3878 1173 3946 1¹,
1196 3896 1222 3948 p.
1242 3879 1341 3934 23001
1364 3880 1424 3934 adn.
1449 3883 1461 3932 1
1488 3879 1521 3934 de
1539 3880 1643 3936 ratione
1662 3882 1733 3936 inter
1750 3883 1802 3936 im·

416 3975 566 4039 peratorem
585 3975 612 4024 at
630 3969 749 4024 latialem
767 3969 950 4024 intercedente
968 3971 1040 4022 recto
1059 3968 1193 4036 exposuit.

509 4058 570 4128 109)
589 4058 715 4112 Retracto
734 4058 828 4127 igitur,
847 4073 916 4127 quae
935 4057 968 4110 de
986 4057 1108 4110 omnium
1127 4057 1303 4110 iureiurando
1320 4055 1397 4111 Riim.
1417 4057 1471 4113 Ait.
1490 4057 1525 4126 1⁸,
1545 4075 1570 4127 p.
1589 4058 1640 4112 591
1661 4058 1727 4112 dixi.

506 4147 567 4216 110)
586 4147 665 4201 Dion.
685 4147 710 4213 6,
729 4145 765 4200 84
783 4147 926 4205 πίστις...
949 4141 1088 4212 ἣνοθδεὶς
1106 4144 1216 4196 πώποτε
1234 4142 1375 4216 ἀναιρήσει
1391 4145 1499 4217 χρόνος,
1525 4145 1602 4214 'ido'
1627 4145 1727 4217 ὅρκων
1750 4150 1803 4199 καὶ

415 4239 567 4288 σπονδῶν
585 4234 746 4302 δγμυητάς
767 4233 850 4292 θεοὺς
868 4235 1016 4300 ποιουμένη
1034 4237 1087 4284 τῶν
1105 4233 1304 4300 συμβάσεων.
1342 4237 1366 4303 7,
1382 4235 1416 4288 23
1434 4236 1484 4294 τὰς
1502 4234 1688 4298 ὁμολογίας.
1726 4239 1750 4291 7.
1768 4238 1804 4292 43

418 4325 502 4384 θεοὺς
520 4327 568 4387 μὲν
586 4323 637 4396 γὰρ
657 4322 817 4390 ἐγγυητὰς
836 4321 949 4374 ἐδώκατε
967 4326 1020 4374 τῶν
1044 4321 1226 4386 ὁμολογιῶν
1249 4322 1338 4374 πολλοὶ
1362 4325 1406 4382 καὶ
1429 4323 1506 4375 διινὸ
1524 4323 1725 4395 ἐπαρασάμενοι
1747 4330 1805 4384 τοῖς

416 4418 557 4486 παραβᾶσι
575 4413 625 4473 τοὶς
643 4412 822 4480 συνθήκας.
852 4413 876 4480 7,
891 4412 927 4464 44
940 4411 991 4471 τὰς
1008 4411 1060 4483 γὰρ
1075 4410 1142 4482 ὑπὲρ
1160 4417 1208 4478 τῆς
1226 4409 1354 4472 ὁμονοίας
1371 4415 1405 4480 τῇ
1422 4415 1507 4482 βουλῇ
1525 4411 1668 4480 α’κινὴτους
1687 4411 1804 4474 ὁμολο-

415 4504 499 4566 γίας.
523 4504 589 4558 ibid.
608 4501 658 4561 τὰς
680 4507 729 4569 τῆς
750 4503 848 4569 βουλῆς
871 4499 1017 4560 σπονδὰς
1039 4501 1112 4553 λύειν
1135 4497 1224 4557 αἐιῶν.
1266 4501 1295 4569 7,
1319 4501 1353 4555 46
1377 4498 1472 4571 ὅρκους
1494 4501 1689 4573 παραβαίνειν,
1718 4503 1805 4561 δεξιὰς

417 4595 630 4663 παρασπονδεῖν,
654 4590 833 4655 ὁμολονίας
852 4588 982 4661 ἀναιρεῖν.
1020 4592 1045 4658 7,
1064 4589 1099 4645 50
1118 4589 1195 4660 παρὰ
1212 4589 1262 4648 τὰς
1281 4587 1409 4660 ὑμετέρας
1427 4590 1607 4658 συνθήκας.
1644 4590 1670 4658 9,
1688 4591 1723 4644 46
1741 4590 1805 4647 τούς

415 4700 445 4733 τε
464 4681 558 4752 ὅρκους
577 4681 674 4750 διεξῄει
692 4682 738 4732 καὶ
756 4682 816 4738 τὰς
834 4678 1006 4745 συνθήκας
1023 4679 1073 4737 τὰς
1091 4677 1136 4729 ἐπὶ
1153 4681 1188 4746 τῇ
1206 4678 1317 4744 καθόδῳ
1340 4680 1482 4741 γενομένας
1505 4676 1670 4730 ἀνεκαλεῖτο.
1708 4677 1749 4745 10,
1769 4679 1803 4730 35

416 4769 509 4838 ἐπειδὴ
530 4770 581 4830 τὰς
604 4769 779 4838 συνθήκας
801 4771 898 4821 ἔλυσαν
921 4767 1017 4820 ἐκεῖνοι
1038 4768 1089 4827 τὰς
1111 4769 1254 4831 γινομένας
1276 4764 1371 4826 αὐτοῖς
1394 4768 1461 4838 πρὸς
1486 4768 1535 4819 τὸν
1568 4770 1659 4836 δῆμον.
1703 4768 1744 4835 11,
1768 4769 1803 4820 55

418 4861 500 4918 θεοὺς
519 4861 565 4912 καὶ
584 4860 716 4922 δα1μονας
735 4857 896 4926 ἐγγυητὰς
915 4858 1094 4925 ποιησάμενοι
1111 4861 1165 4908 τῶν
1183 4855 1375 4920 ὁμολογιῶν.
