4674 6112
847 843 1005 849 m-
1063 811 1083 882 7
1139 843 1297 850 -.ffl-

383 1018 479 1083 dubio
501 1018 580 1083 falsa
598 1023 656 1100 est,
679 1020 739 1082 etsi
757 1016 841 1082 Livii
859 1019 961 1102 ipsius
979 1017 1169 1082 refutatione
1187 1037 1254 1082 non
1272 1017 1425 1083 refellitur
1432 1021 1471 1099 8);
1495 1040 1571 1083 nam
1596 1020 1764 1104 ,iudices“,

383 1164 447 1227 qua
460 1142 668 1228 appellatione
682 1143 832 1206 consules
845 1143 1073 1206 vetustissimis
1087 1141 1284 1225 temporibus
1299 1143 1479 1208 nominatos
1493 1163 1563 1209 esse
1578 1147 1686 1229 negari
1696 1164 1762 1209 non

382 1269 529 1352 potesta),
550 1267 584 1329 in
607 1267 667 1330 hac
690 1271 774 1330 certe
796 1265 866 1351 lege
888 1266 972 1330 male
994 1271 1139 1330 auctores
1162 1267 1232 1330 eius
1251 1267 1447 1351 interpretati
1470 1275 1547 1332 sunt
1571 1269 1763 1350 „consules“,

383 1412 458 1456 cum
482 1391 621 1473 ,iudices
645 1391 834 1455 decemviri‘
858 1389 1063 1474 intellegendi
1092 1392 1165 1454 sint
1210 1390 1304 1454 Prior
1326 1397 1434 1455 autem
1465 1394 1695 1476 interpretatio,
1722 1412 1763 1457 ne

382 1517 520 1580 nimium
544 1534 632 1579 nuno
656 1516 771 1595 dicam,
799 1519 945 1596 suspecta
973 1518 1146 1594 certe·est;
1174 1533 1280 1598 neque
1308 1517 1394 1580 enim
1417 1518 1519 1600 magis
1546 1537 1643 1600 quam
1667 1518 1764 1581 altera

377 1661 402 1703 a
425 1641 606 1724 suspicione
628 1638 729 1704 libera
751 1644 800 1704 est
821 1643 997 1722 propterea,
1020 1637 1107 1722 quod
1129 1638 1210 1701 iuris
1233 1640 1460 1723 interpretibus
1483 1659 1553 1704 eam
1574 1639 1686 1706 Livius
1710 1643 1763 1704 tri-

382 1763 466 1844 buit;
500 1785 575 1828 nam
606 1763 659 1829 vel
690 1765 770 1828 iuris
807 1764 995 1847 interpretes
1034 1762 1132 1825 nimia
1165 1764 1287 1846 argutia
1314 1783 1560 1848 nonnumquam
1588 1787 1607 1828 a
1632 1767 1764 1830 veritate

383 1889 541 1972 aberrant,
573 1907 679 1973 neque
712 1887 889 1972 quidquam
913 1885 1030 1968 obstat,
1053 1886 1132 1969 quin
1156 1886 1284 1951 alteram
1310 1906 1454 1971 quoque,
1486 1908 1568 1972 quae
1596 1889 1762 1954 manifesto

382 2013 462 2078 falsa
493 2019 556 2095 est,
588 2034 607 2077 a
639 2014 718 2078 iuris
750 2010 977 2094 interpretibus
1009 2009 1180 2094 proiectam
1216 2029 1287 2076 esse
1320 2016 1499 2076 statuamus
1509 2015 1556 2094 ¹⁰).
1611 2014 1764 2098 Suspecta

383 2142 491 2201 autem
515 2142 563 2201 est
585 2138 672 2221 prior
693 2137 746 2200 illa
770 2135 987 2220 interpretatio
1011 2139 1185 2218 propterea,
1208 2135 1295 2220 quod
1315 2143 1460 2201 auctores
1478 2138 1549 2202 eius
1570 2136 1648 2201 falso
1672 2157 1764 2220 argu-

383 2266 490 2326 mento
513 2262 566 2324 usi
585 2266 672 2342 sunt,
693 2266 732 2324 ut
750 2260 788 2324 ab
807 2257 961 2324 aedilibus
980 2263 1210 2322 sacrosanctam
1229 2262 1394 2343 potestatis
1415 2267 1561 2326 naturam
1581 2261 1763 2325 abiudican·

387 2383 459 2448 dam
483 2401 553 2449 esso
577 2384 893 2468 demonstrarent¹¹);
918 2382 1032 2467 prendi
1054 2383 1139 2446 enim
1164 2383 1303 2468 ducique
1325 2384 1480 2448 aedilosa
1502 2384 1675 2449 maioribus
1698 2405 1764 2448 ma·

383 2507 567 2592 gistratibus
595 2509 638 2590 (h.
662 2527 687 2571 e.
711 2528 730 2571 a
758 2505 945 2570 oonsulibus
977 2513 1009 2571 et
1040 2507 1251 2590 praetoribus)
1284 2513 1442 2592 poterant,
1474 2510 1551 2592 quia
1582 2514 1763 2594 temporum

383 2633 520 2697 decursu
544 2651 585 2696 ex
609 2631 814 2696 tribunorum
832 2630 934 2714 plebis
957 2630 1157 2696 adiutoribus
1180 2633 1338 2696 maiorum
1358 2608 1603 2718 magistratuum
1626 2634 1763 2698 ministri

381 2756 455 2820 iacti
478 2761 567 2820 erant
577 2757 627 2841 ¹¹),
649 2775 725 2820 cum
749 2760 947 2820 sacrosancta
969 2773 1081 2819 eorum
1105 2760 1243 2840 potestas
1265 2757 1301 2819 in
1324 2757 1370 2821 eis
1390 2757 1465 2821 solis
1483 2757 1663 2822 actionibus
1685 2759 1762 2822 olim

384 2885 575 2962 cerneretur,
599 2900 679 2963 quas
702 2879 892 2945 tribuniciae
914 2877 1077 2964 p‘otestatis
1101 2878 1263 2944 adiutores
1287 2886 1416 2965 egerant
1427 2883 1473 2961 ¹³).
1516 2879 1630 2964 Itaque
1652 2880 1764 2965 proba·

382 3003 447 3069 bile
472 3023 542 3070 esse
564 3009 642 3088 puto
666 3004 747 3070 duas
770 3004 840 3069 illas
867 3005 946 3090 legis
969 3002 1116 3068 Valeriae
1138 3003 1289 3068 Horatiae
1315 3006 1604 3090 interpretationes,
1627 3025 1762 3088 quarum

382 3129 480 3194 altera
502 3128 670 3194 manifesto
703 3129 797 3210 falsa,
829 3129 926 3193 altera
959 3133 1108 3212 suspecta
1130 3133 1215 3193 certe
1243 3136 1305 3210 est,
1337 3130 1493 3213 profectas
1526 3148 1596 3194 esso
1627 3148 1693 3192 non
1722 3147 1763 3193 ex

383 3254 505 3316 sincero
528 3254 574 3317 rei
597 3252 804 3336 explicandae
827 3253 943 3334 studio,
966 3254 1021 3317 sed
1045 3272 1087 3316 ex
1109 3255 1312 3318 contentione
1335 3254 1374 3317 de
1393 3259 1479 3318 certa
1504 3253 1641 3338 quadam
1667 3271 1763 3336 quae·

384 3377 486 3440 stione
509 3377 622 3440 acriter
645 3377 806 3460 quondam
829 3379 912 3442 inter
934 3378 1175 3442 iurisconsultus
1198 3379 1321 3462 agitata
1363 3377 1422 3458 Ac,
1444 3378 1479 3440 ni
1496 3376 1599 3459 fallor,
1621 3382 1689 3440 orta
1714 3387 1763 3441 est

382 3501 460 3564 haec
482 3502 643 3564 contentio
667 3519 704 3564 eo
727 3506 878 3585 tempore,
905 3520 969 3585 quo
992 3507 1162 3586 Augustus
1190 3520 1305 3585 anceps
1337 3503 1501 3565 etiamtum
1528 3499 1702 3564 haesitabat
1712 3501 1763 3584 11),

382 3631 493 3690 utrum
512 3625 681 3692 consulatu
700 3645 741 3688 an
759 3623 930 3690 tribunicia
948 3631 1120 3710 postestate
1138 3627 1351 3710 principatum
1371 3629 1611 3709 superstrueret.
1648 3623 1762 3708 Neque

383 3751 468 3814 enim
492 3750 668 3833 quidquam
688 3749 802 3832 obstat,
826 3752 905 3834 quin
923 3749 1063 3832 Livium,
1087 3769 1182 3834 quem
1206 3751 1336 3814 initium
1355 3749 1515 3815 scribendi
1535 3750 1619 3813 inter
1641 3769 1762 3812 annum

385 3874 447 3936 727
472 3879 503 3938 et
528 3875 695 3940 129u.c.
722 3875 834 3940 fecisse
862 3880 998 3958 constat,
1025 3874 1143 3940 librum
1172 3876 1300 3940 tertium
1329 3879 1401 3938 ante
1429 3893 1548 3937 annum
1580 3874 1640 3936 731
1670 3893 1702 3937 u.
1727 3892 1762 3956 c,

472 4172 500 4242 8)
518 4173 595 4228 Rom.
614 4173 669 4230 llt.
688 4174 722 4242 1¹,
746 4191 771 4242 p.
795 4173 856 4230 638.
880 4176 913 4228 cl.
938 4193 963 4243 p.
987 4177 1047 4230 573.
1083 4176 1184 4231 Eadem
1207 4180 1249 4230 est
1272 4175 1405 4230 sententia
1422 4172 1626 4241 Mommseni,
1650 4172 1761 4229 Staatsr.

381 4261 1152 4332 1111).29111111.2;01.ρ.73,1(11.4.11741111.
1173 4267 1196 4320 1.

471 4351 496 4417 9)
516 4351 570 4407 Cic.
590 4352 622 4404 de
640 4349 691 4417 leg.
710 4351 736 4417 3,
755 4351 780 4419 3,
798 4351 823 4406 8.
860 4351 939 4407 Varr.
958 4353 991 4406 de
1009 4353 1074 4421 ling.
1093 4353 1138 4407 lat
1157 4356 1182 4420 li,
1200 4353 1244 4408 88.

473 4441 516 4510 10)
535 4440 597 4509 Ipse
615 4439 837 4494 Mommsenus
855 4457 913 4494 eam
932 4440 1136 4495 iurisconsultis
1154 4441 1252 4495 tribuit
1269 4441 1317 4510 11¹,
1336 4458 1362 4510 p.
1381 4441 1442 4509 592,
1461 4441 1522 4495 adn.
1542 4441 1566 4494 2.

472 4529 516 4598 11)
534 4528 610 4582 Riim.
630 4527 685 4582 Alt.
704 4528 738 4596 1¹,
757 4545 783 4596 p.
802 4528 862 4583 591.
882 4528 942 4584 638.
984 4529 1047 4598 Ipse
1069 4528 1291 4584 Mommsenus
1314 4532 1385 4585 hanc
1408 4529 1662 4584 iurisconsultorum
1682 4545 1761 4598 argu·

382 4618 573 4672 mentationem
592 4617 690 4672 malam
709 4633 769 4672 esse
787 4617 911 4671 concedit
928 4616 975 4686 11¹,
995 4635 1019 4686 p.
1039 4619 1100 4686 476,
1119 4619 1179 4673 adn.
1199 4620 1228 4686 43
1248 4621 1280 4672 cl.
1300 4619 1336 4672 ib.
1356 4637 1381 4688 p.
1400 4619 1461 4687 464,
1480 4618 1540 4673 adn.
1560 4618 1584 4674 2.

472 4705 513 4770 12)
532 4705 608 4760 Rem.
628 4705 682 4760 nrt.
702 4705 736 4774 1³,
755 4723 780 4774 p.
799 4704 859 4760 860.
879 4706 927 4775 11³,
946 4724 971 4775 p.
992 4707 1051 4762 261.
1088 4706 1265 4762 Mommsen
1284 4706 1396 4763 Staatsr.
1415 4705 1464 4775 11¹,
1483 4724 1508 4775 p.
1528 4707 1588 4762 476.

471 4795 515 4864 13)
535 4795 573 4850 Ci.
592 4793 652 4850 Liv.
672 4794 714 4862 29,
734 4793 777 4862 20,
797 4796 839 4848 11.
876 4795 955 4850 Dion.
975 4797 1000 4863 7,
1019 4797 1061 4851 35.

472 4883 515 4952 14)
534 4882 723 4952 Mommsen,
743 4883 854 4938 Staatsr.
873 4883 921 4952 11¹,
941 4902 965 4953 p.
985 4883 1038 4939 83³
1057 4900 1115 4954 sqq.
