4674 6112
781 809 1327 912 .*-‘17‘·*·-

396 1017 484 1101 quod
511 1037 625 1080 rursus
654 1016 835 1101 Herzogii
864 1037 961 1080 causa
989 1036 1117 1099 monae,
1151 1019 1208 1100 qui
1239 1018 1416 1082 sanctiones
1447 1038 1505 1102 pro
1534 1018 1650 1100 lapibus
1683 1017 1782 1083 dictas

395 1161 466 1207 esse
489 1145 578 1204 ratus
602 1142 635 1204 in
659 1139 766 1205 verbis
791 1140 1002 1224 sequentibus
1025 1141 1253 1205 consecratione
1286 1140 1360 1223 lapis
1388 1142 1618 1207 intolerabilem
1648 1142 1781 1206 tautolo-

394 1267 478 1349 giam
504 1267 543 1344 (v.
569 1284 666 1347 supra
688 1285 717 1348 p.
740 1266 770 1346 9)
792 1267 899 1329 inesse
923 1265 1006 1328 dixit
1028 1265 1057 1344 (l.
1082 1285 1106 1328 c.
1129 1286 1159 1348 p.
1186 1267 1268 1346 144).

483 1386 659 1470 Distinguit
687 1394 795 1452 autem
824 1387 931 1452 Cicero
957 1389 1037 1452 duas
1062 1391 1263 1453 sanctionum
1288 1392 1514 1455 sacrandorum
1539 1393 1677 1474 species,
1705 1409 1782 1473 qua·

395 1532 468 1576 rum
493 1512 658 1576 diversitas
681 1514 861 1576 accuratius
885 1512 1076 1596 exponenda
1099 1517 1154 1576 ast.

484 1635 532 1698 Ea
564 1637 685 1718 species
719 1637 921 1700 sanctionum
956 1635 1195 1717 sacrandorum,
1232 1658 1329 1720 quam
1363 1637 1470 1702 Ulcere
1507 1639 1680 1721 posteriore
1714 1636 1783 1701 loco

397 1759 499 1823 verbis
511 1779 621 1840 peracre
635 1761 704 1839 ipso
718 1780 847 1840 poenae,
866 1780 937 1822 eccm
955 1762 1052 1840 capnt
1068 1759 1135 1823 cias
1154 1760 1210 1840 qui
1228 1765 1337 1824 contro
1354 1761 1462 1842 feccrit
1476 1765 1683 1839 consecratur,
1699 1781 1783 1824 eom-

395 1883 592 1962 memoravit,
611 1904 707 1966 quam
729 1885 878 1967 deinceps
895 1886 930 1946 in
948 1885 1210 1966 interrogatione:
1234 1889 1342 1948 utrum
1361 1886 1475 1964 cupitis
1493 1886 1723 1948 consecratione
1740 1905 1784 1947 aa

395 1985 590 2071 obtestatione
612 2006 687 2087 lepis
709 2014 945 2071 sacrosanctam
967 2027 1032 2070 esso
1050 2008 1220 2088 coasirrnas
1237 2009 1343 2090 priore
1361 2009 1431 2072 loco
1450 2009 1549 2092 ponit,
1573 2007 1679 2070 nullas
1703 2007 1783 2070 diffi-

396 2131 530 2195 cultates
557 2129 718 2214 praebet·
740 2131 799 2194 Est
826 2131 952 2211 eadem,
980 2152 1078 2213 quam
1106 2132 1205 2194 solam
1236 2134 1377 2216 respexit
1399 2134 1433 2195 in
1456 2132 1566 2214 legum
1590 2136 1784 2195 sacratarum

397 2254 579 2319 definitione
606 2253 688 2318 Fest.
713 2275 741 2338 p.
767 2256 830 2317 318
854 2259 998 2318 sacratae
1021 2255 1207 2336 repascat,
1237 2255 1350 2335 quibus
1372 2259 1517 2320 sanctam
1540 2260 1597 2336 est,
1624 2255 1680 2335 qut
1708 2254 1786 2334 qaid

396 2378 546 2442 advorsus
578 2398 631 2442 cas
662 2377 772 2458 serait
805 2399 894 2443 sacer
922 2377 1021 2443 alicui
1048 2380 1174 2443 1111111111
1201 2380 1245 2442 sit
1271 2399 1341 2442 cam
1374 2377 1501 2458 familia
1526 2379 1784 2458 peccauerim).

395 2501 555 2565 Novimus
577 2507 684 2566 antem
708 2503 792 2584 leges
817 2509 955 2566 sacratas
978 2504 1161 2568 consulares
1185 2508 1258 2584 tres,
1282 2522 1419 2585 quarum
1439 2504 1618 2566 sanctiones
1637 2503 1698 2565 hoc
1715 2503 1784 2586 ipso

395 2644 510 2709 genere
542 2645 679 2708 poenae,
710 2626 740 2687 h.
775 2645 800 2689 e.
834 2645 937 2710 poena
965 2628 1086 2708 divina,
1119 2632 1258 2689 sacratae
1287 2631 1390 2689 erant:
1423 2625 1526 2709 legem
1555 2625 1716 2690 Valeriam
1749 2626 1787 2690 dc

395 2749 551 2814 sacramto
578 2769 649 2812 cam
676 2748 764 2813 bonis
787 2750 889 2830 capita
911 2751 992 2828 eius,
1016 2751 1072 2831 qai
1093 2751 1182 2830 rcpni
1205 2750 1380 2830 occupandi
1403 2749 1536 2814 coasilia
1558 2751 1676 2828 inisset,
1700 2769 1784 2812 anno

398 2874 462 2934 245
483 2894 514 2936 u.
529 2893 554 2935 o.
574 2873 731 2958 larome),
749 2874 852 2957 legem
864 2874 1024 2938 Valeriam
1039 2874 1206 2938 Horatium
1227 2875 1265 2937 de
1284 2875 1508 2957 provocatione
1527 2893 1611 2937 anno
1631 2875 1695 2938 305
1712 2895 1743 2937 u.
1759 2893 1785 2936 c.

337 3151 340 3156 .
398 3101 431 3154 ab
456 3101 570 3155 ceordic
593 3100 672 3152 orbis
695 3102 953 3166 senatusconsulta,
973 3101 1161 3168 plebiscita
1184 3101 1223 3153 dc
1245 3100 1411 3154 socictate
1434 3107 1464 3153 et
1486 3100 1622 3167 foedere
1646 3117 1679 3154 cc
1698 3101 1786 3168 priri-

399 3189 469 3256 tcpio
488 3190 650 3254 cuicumque
669 3190 811 3242 concessis.
848 3189 974 3255 Foedera,
995 3204 1063 3255 quae
1081 3191 1143 3255 post
1161 3189 1255 3242 foedus
1275 3187 1427 3242 Caudium
1447 3189 1501 3242 icta
1524 3193 1600 3257 sunt,
1629 3190 1786 3243 enumeravi

399 3274 475 3329 Rbm.
495 3275 617 3342 111111,
637 3293 662 3342 p.
682 3276 734 3329 635
754 3279 781 3328 et
798 3275 851 3330 689
870 3292 942 3344 sqq.;
961 3277 994 3329 ci.
1014 3292 1039 3342 p.
1057 3259 1108 3328 129
1119 3291 1159 3343 sq.
1188 3275 1225 3328 Ci.
1245 3275 1328 3328 etiam
1346 3274 1552 3344 Marquardt,
1573 3277 1787 3347 Staatsverw.1,

398 3379 424 3431 p.
440 3363 473 3415 47
485 3379 543 3431 sqq.
573 3363 625 3416 Sed
643 3380 731 3432 nequa
750 3363 840 3418 omnia
858 3363 906 3418 illa
919 3364 1027 3418 foedera
1041 3366 1221 3430 sacrosancte,
1240 3378 1328 3430 nequo
1344 3366 1515 3418 sacrosancta
1530 3365 1621 3420 omnia
1635 3366 1786 3435 plebiscitis

399 3455 494 3528 sancta
516 3454 606 3517 erent3
634 3468 698 3506 narn
721 3451 826 3520 legibus
850 3468 957 3520 quoque
980 3469 996 3506 a
1019 3451 1142 3520 patriciis
1166 3451 1371 3519 magistratibus
1395 3453 1423 3504 in
1447 3453 1565 3506 comitiis
1588 3453 1699 3508 tributis
1723 3455 1786 3508 latis

399 3540 500 3594 sanciri
523 3543 649 3608 poterant
671 3540 786 3595 foedera.
824 3539 897 3606 Quae
916 3541 1016 3610 cuique
1040 3540 1131 3609 generi
1154 3540 1291 3593 foederum
1314 3539 1515 3594 adnumeranda
1538 3540 1594 3593 sint
1615 3541 1729 3610 foedera,
1752 3559 1787 3596 ex

397 3629 518 3682 lontibus
537 3627 682 3682 diiudicari
700 3629 802 3697 nequit.

488 3717 534 3784 40)
553 3716 629 3770 Idam
653 3717 735 3771 habat
756 3715 828 3771 Fest.
852 3734 892 3786 ep.
913 3736 938 3786 p.
959 3719 1020 3786 319,
1038 3705 1094 3770 nisi
1113 3716 1185 3785 quod
1204 3719 1356 3785 temporum
1378 3717 1462 3770 verba
1484 3715 1603 3770 mutavit
1625 3719 1653 3770 et
1670 3733 1719 3786 pro
1738 3719 1788 3786 qai

400 3806 469 3873 qaid
492 3806 605 3875 scripsit
626 3811 659 3857 at
676 3805 766 3872 aiqais
790 3806 865 3873 qaid.
902 3807 1008 3860 Iniuria
1026 3808 1054 3859 at
1072 3804 1307 3873 Sohwcglerus
1326 3804 1372 3873 (ll,
1391 3821 1417 3873 p.
1437 3804 1497 3872 251,
1517 3804 1578 3859 adn.
1599 3805 1626 3874 1)
1644 3807 1694 3860 has
1713 3806 1786 3876 leges

400 3899 519 3948 sacratas
544 3894 598 3948 dici
617 3910 697 3962 posse
716 3897 804 3962 negat,
823 3897 851 3948 et
868 3893 1092 3949 Mommsenus
1111 3891 1169 3962 (11³,
1188 3909 1213 3961 p.
1234 3893 1294 3960 292,
1314 3893 1375 3946 adn.
1397 3893 1422 3961 1)
1442 3893 1470 3945 in
1490 3909 1568 3947 verae
1586 3893 1677 3962 legum
1697 3911 1786 3949 saera·

402 3985 492 4036 tarum
511 3981 676 4037 delinitionis
695 3983 786 4038 locum
805 3984 875 4038 hanc
898 3983 1083 4036 definitionem
1106 3981 1173 4036 falso
1193 3982 1370 4035 substitutam
1389 3996 1448 4035 esse
1467 3982 1542 4036 dicit.
1574 3981 1659 4036 Plana
1677 3983 1787 4052 quidem

401 4069 520 4123 definitio
539 4086 593 4123 non
617 4075 670 4140 ost,
700 4072 748 4126 sed
772 4075 814 4125 ast
837 4072 910 4126 iusta
928 4071 1040 4126 altanus
1060 4071 1161 4139 speciei
1180 4069 1315 4136 definitio;
1335 4073 1454 4124 saeratae
1473 4073 1564 4124 autam
1582 4070 1667 4124 huius
1686 4069 1787 4138 speciei

399 4159 472 4227 loges
491 4159 546 4214 dici
565 4161 695 4228 potarent,
715 4160 780 4228 quia
798 4177 884 4229 poena
902 4159 999 4213 diotae
1018 4162 1126 4214 sanctam
1141 4162 1229 4214 eraut.

489 4248 534 4316 41)
552 4247 612 4302 Liv.
632 4247 657 4316 2,
675 4248 701 4316 8,
721 4248 738 4300 2
761 4254 827 4301 cate
850 4264 943 4301 omncs
967 4248 999 4302 de
1017 4249 1216 4315 peroratione
1238 4247 1373 4302 adversar
1390 4247 1572 4315 mapatrotcs
1595 4247 1633 4300 ad
1650 4249 1788 4315 populum

400 4335 639 4402 sacrandoque
663 4353 734 4388 cam
756 4335 855 4388 bonis
879 4337 992 4402 capite
1016 4336 1103 4402 ciue,
1132 4337 1190 4404 qai
1213 4337 1311 4404 rapui
1338 4335 1531 4403 occupandi
1558 4334 1708 4389 coasilia
1736 4335 1787 4388 iar·

399 4424 495 4490 isset,
522 4429 621 4491 protae
647 4424 679 4475 ia
706 4424 807 4493 culpus
835 4424 904 4493 loyce
931 4423 1017 4490 suec.
1055 4425 1134 4479 Dion.
1161 4427 1186 4493 5,
1212 4425 1245 4479 19
1273 4424 1321 4474 ἕνα
1343 4425 1391 4486 μὲν
1414 4423 1530 4494 (νόμον),
1554 4423 1580 4474 to
1604 4415 1623 4489 ᾧ
1643 4423 1788 4495 διαρρήδην

402 4509 518 4563 cincimo
542 4510 661 4581 ἄρχοντα
684 4513 785 4578 μηδένα
809 4501 879 4562 εἶναι
899 4510 1045 4574 Ῥωμαίων,
1074 4510 1103 4570 ὃς
1126 4510 1161 4563 ἂν
1187 4513 1224 4580 μὴ
1247 4513 1324 4584 παρὰ
1346 4517 1396 4564 τοῦ
1419 4511 1505 4578 δῆμον
1528 4513 1595 4582 λάβῃ
1618 4512 1667 4578 τὴν
1694 4509 1787 4582 cippis,

402 4599 526 4652 θάνατον
545 4599 654 4659 ἐπιθεὶς
673 4598 779 4667 ζημίαν,
798 4599 844 4650 ἐάν
862 4619 903 4658 τις
926 4599 1003 4672 παρὰ
1026 4605 1116 4652 ταῦτα
1134 4603 1214 4669 ποιῇ,
1238 4602 1283 4651 καὶ
1306 4600 1353 4652 τὸν
1376 4598 1577 4652 ἀποκτείναντα
1600 4600 1702 4652 τούτων
1725 4599 1787 4650 τινὰ

401 4693 484 4741 ποιῶν
499 4687 599 4754 ἀθῷον,
614 4689 665 4742 hac
681 4689 708 4742 in
724 4705 752 4742 re
767 4705 870 4755 amane,
880 4689 952 4757 quod
966 4705 1079 4758 poenam
1095 4689 1236 4758 capitalem
1252 4705 1315 4742 cum
1330 4689 1427 4757 capitis
1442 4690 1643 4744 consecratione
1656 4689 1787 4743 commni-

401 4778 478 4832 navit
493 4779 529 4847 (v.
546 4777 616 4831 infra
630 4777 690 4832 adn.
706 4779 740 4832 53
751 4779 778 4831 et
787 4778 840 4846 54).
867 4776 1007 4832 Plutarch.
1023 4777 1052 4830 in
1066 4777 1142 4846 Popl.
1158 4778 1216 4831 vita
1230 4778 1345 4831 eundem
1360 4793 1477 4831 errorem
1493 4777 1636 4844 comnusit,
1652 4779 1788 4846 praeterea

401 4868 493 4920 autem
508 4865 575 4920 1111118
590 4882 623 4919 ex
643 4882 697 4920 una
715 4865 773 4935 lage
787 4866 862 4919 fecit:
879 4881 936 4934 cap.
949 4866 980 4918 11
997 4864 1120 4936 ὀξύτερος
1134 4863 1235 4935 (νόμος)
1251 4863 1265 4915 ὁ
1283 4861 1347 4923 τοὺς
1362 4862 1446 4935 ἀρχὴν
1465 4864 1605 4930 λαβόντας,
1623 4864 1653 4932 ἢν
1672 4865 1687 4916 ὁ
1706 4867 1789 4931 δῆμος
