4674 6112
537 1000 693 1080 rotome),
717 999 959 1082 eorundemque
983 1000 1152 1064 consulum
1177 1000 1280 1082 legem
1305 999 1343 1063 de
1362 999 1531 1063 tribunicia
1550 1000 1763 1081 potestate⁴³t
1801 998 1925 1075 Quibus

538 1123 665 1207 legibus
694 1123 896 1206 plebiscitum
926 1123 1053 1187 Icilium
1088 1123 1126 1188 de
1159 1124 1328 1188 tribunicia
1360 1128 1513 1207 potestate
1546 1142 1629 1186 anno
1664 1123 1727 1184 262
1751 1144 1782 1187 u.
1816 1143 1841 1187 c.
1874 1143 1925 1187 ro·

537 1249 711 1331 garoue),
733 1246 788 1310 lex
813 1253 943 1328 secrato,
967 1268 1032 1330 que
1054 1247 1221 1331 privilegio
1243 1249 1342 1312 vetita
1366 1249 1501 1328 sonte),
1526 1266 1622 1329 quern
1650 1247 1753 1330 legem
1778 1248 1926 1311 cousule-

537 1418 585 1473 οὐκ
610 1423 715 1484 ἔδωκεν,
744 1418 930 1486 ἀποθνήσκειν
958 1419 1077 1472 κελεύων.
1107 1421 1140 1474 12
1164 1423 1262 1492 ἔγραψε
1285 1421 1336 1492 γὰρ
1359 1419 1441 1482 νόμον
1465 1421 1530 1472 οἴνου
1554 1422 1659 1492 aptatur
1683 1426 1784 1473 κτεῖναι
1816 1421 1925 1473 διδόντα

537 1509 584 1561 τὸν
611 1511 772 1575 βουλόμενον
799 1514 952 1580 τυραννιῖν·
980 1511 1122 1561 κτείναντα
1150 1511 1177 1560 rt
1205 1510 1287 1569 φόνου
1315 1510 1441 1582 καθαρὸν
1465 1510 1601 1577 ἐποίησεν,
1632 1509 1656 1561 εἰ
1679 1511 1848 1581 παράσχοιτο
1876 1515 1926 1562 τοῦ

537 1597 703 1664 ἀδικήματος
726 1597 789 1656 τοὺς
814 1597 941 1660 ἐλέγχους.
957 1629 990 1636 -
1006 1597 1132 1652 Ceterum
1151 1599 1175 1652 si
1194 1599 1358 1668 quaerimus,
1383 1600 1450 1668 quid
1468 1600 1519 1654 hac
1537 1600 1595 1668 lege
1615 1603 1817 1654 sacrosanctum
1835 1601 1925 1667 fuerit,

537 1691 648 1755 apparet
666 1689 754 1755 ipsam
773 1686 925 1740 libertatem
945 1685 1039 1755 populi
1056 1686 1173 1740 Romani
1192 1690 1391 1741 sacrosanctam
1410 1705 1442 1741 ea
1459 1689 1557 1742 tactam
1577 1705 1637 1741 esse
1656 1687 1788 1742 adversus
1807 1689 1926 1755 impetus

538 1791 639 1843 eorum,
660 1775 707 1844 qui
725 1791 839 1842 reguum
858 1775 1022 1828 affectarent.

625 1864 671 1932 42)
689 1863 748 1918 Liv.
769 1865 793 1932 3,
813 1865 856 1932 55,
875 1865 893 1916 4
916 1864 1002 1916 alium
1020 1863 1119 1918 &iude
1138 1863 1311 1918 consularem
1329 1864 1413 1933 tepem
1431 1863 1463 1918 de
1481 1865 1690 1932 prouocatione,
1713 1865 1830 1916 urticam
1843 1879 1925 1930 prae

535 1951 638 2005 sidium
666 1951 815 2018 libertatis,
843 1951 1017 2006 decemtiroli
1038 1958 1174 2020 potestate
1202 1968 1324 2005 eversam
1347 1969 1405 2005 uoa
1428 1953 1581 2008 restituant
1604 1953 1697 2020 awdo,
1719 1952 1767 2005 sed
1790 1952 1872 2005 etiam
1894 1952 1926 2003 iu

530 2045 674 2106 posteram
696 2041 831 2092 murriuut
853 2041 1003 2094 sanciendo
1026 2057 1126 2093 aceram
1149 2041 1246 2108 leycm,
1269 2057 1304 2093 rte
1327 2042 1391 2106 quis
1413 2041 1502 2094 tellam
1524 2042 1719 2110 mapistratum
1741 2041 1802 2095 οιόο
1825 2057 1925 2109 procc-

536 2129 645 2182 catione
661 2134 784 2181 crearet:
803 2129 852 2198 qai
866 2135 993 2196 creasset,
1008 2145 1078 2182 eum
1092 2130 1147 2182 ias
1160 2130 1281 2196 (aequae
1300 2136 1385 2184 esset
1403 2131 1526 2198 occidi,
1545 2147 1624 2183 uerte
1643 2148 1680 2184 ea
1699 2129 1816 2184 caedes
1835 2130 1926 2196 capi·

536 2217 618 2271 talis
641 2232 751 2270 uoaae
773 2215 966 2270 haberetur.
1005 2217 1110 2283 Quibus
1134 2218 1225 2271 verbis
1249 2218 1386 2272 notionem
1410 2219 1623 2273 consecrationis
1647 2220 1745 2288 cepitis
1769 2234 1925 2287 expressam

535 2321 594 2359 esse
613 2307 694 2374 potet.
733 2305 787 2358 Cic.
808 2305 841 2358 de
859 2322 914 2373 rep.
935 2306 959 2372 2,
979 2307 1022 2374 31,
1042 2306 1077 2360 54
1095 2305 1222 2373 Ιιμοίονο
1247 2306 1341 2360 Valeri
1358 2307 1447 2360 Potiti
1464 2313 1490 2360 et
1508 2307 1549 2362 M.
1569 2307 1675 2361 Horati
1692 2307 1822 2372 Barbati,
1841 2307 1925 2359 tomi

534 2411 602 2446 uam
616 2393 780 2447 concordiae
793 2409 881 2447 caasa
895 2395 1035 2462 sapienter
1049 2393 1242 2461 popularium,
1261 2395 1419 2447 consularis
1438 2395 1481 2448 lea
1500 2397 1605 2462 saucit,
1623 2412 1658 2448 ue
1677 2397 1726 2462 qui
1744 2397 1926 2464 urayietratus

535 2484 596 2536 siae
615 2484 813 2550 prouocatione
832 2488 975 2536 crearetur
994 2483 1143 2538 sanctionis
1162 2483 1306 2538 tonnulsm
1325 2484 1425 2538 omisit.
1445 2514 1479 2522 —
1499 2485 1557 2538 Hac
1575 2484 1634 2552 lege
1653 2485 1697 2538 ius
1716 2484 1924 2553 provocationis,

535 2572 608 2640 quod
630 2572 688 2640 lege
708 2571 818 2626 Valeria
840 2570 905 2624 anui
928 2571 980 2624 245
999 2587 1025 2624 u.
1046 2585 1068 2624 c.
1093 2571 1200 2624 civibus
1224 2572 1317 2624 datum
1340 2576 1398 2626 erat
1420 2589 1474 2626 non
1499 2575 1702 2626 sacrosanctum
1721 2573 1790 2640 (Iris.
1811 2573 1836 2640 2,
1854 2571 1880 2638 8,
1900 2571 1924 2625 2.

536 2661 577 2727 10,
598 2661 623 2726 3,
644 2662 667 2713 3.
688 2660 714 2728 5)
739 2662 766 2712 et
789 2661 851 2729 poet
873 2659 1042 2712 tribunatum
1067 2661 1247 2713 constitutum
1273 2660 1312 2714 ite
1335 2663 1440 2714 tantum
1465 2663 1667 2715 sacrosanctum
1690 2663 1759 2727 erat,
1784 2661 1808 2714 si
1827 2677 1924 2728 provo·

535 2749 661 2802 cautibus
684 2749 791 2801 civibus
811 2748 914 2802 tribuni
937 2747 1024 2816 plebis
1048 2749 1213 2802 sacrosancti
1236 2749 1339 2803 auxilio
1363 2751 1453 2817 erent,
1476 2749 1568 2817 ipsum
1590 2763 1638 2818 per
1661 2766 1690 2803 se
1714 2751 1864 2818 spectatum
1883 2751 1926 2801 est

534 2839 636 2890 tactum
657 2839 867 2891 sacrosanctum.

623 2925 668 2992 ts)
687 2925 746 2978 Liv.
758 2926 782 2990 3,
793 2927 836 2991 55,
848 2927 862 2977 7
879 2931 905 2978 et
918 2941 980 2977 cum
993 2923 1126 2992 relipr'cue
1141 2925 1290 2978 iutiolatos
1305 2941 1358 2991 eos,
1377 2931 1436 2978 tam
1450 2925 1505 2993 iepe
1524 2925 1606 2978 etiam
1624 2925 1751 2991 fecerunt
1764 2925 1925 2990 sanciendo,

534 3020 567 3066 ut
594 3014 644 3081 qai
671 3013 793 3066 triburiis
815 3013 904 3080 plebia
931 3012 1067 3065 aeditibus
1094 3013 1235 3066 iudicibus
1258 3013 1416 3066 decemuiris
1440 3014 1592 3080 nocuisset,
1620 3014 1693 3067 eius
1720 3020 1824 3080 caput
1850 3013 1926 3065 ΙοοιΙ

534 3119 669 3156 sacrum
687 3107 787 3169 esset,
805 3102 942 3168 sarcilia
961 3101 1004 3153 ed
1021 3100 1134 3154 aedem
1158 3101 1293 3155 Cereris
1307 3102 1424 3156 Liberi
1442 3102 1653 3168 Liberaeque
1671 3118 1788 3154 oeaam
1806 3102 1924 3155 iret.—

535 3193 593 3245 Hac
612 3191 670 3259 lege
689 3191 867 3258 magistratus
885 3189 984 3258 plebeii
999 3191 1165 3244 sacrosancti
1178 3191 1242 3265 facti
1263 3194 1327 3244 suut
1346 3207 1447 3259 omues,
1467 3207 1529 3244 cum
1549 3193 1628 3244 antea
1646 3189 1697 3244 soli
1716 3190 1819 3244 tribuni
1835 3205 1925 3243 socro-

535 3281 623 3333 sancti
642 3280 766 3334 luissent.

623 3369 668 3436 44)
687 3369 766 3422 Dion.
791 3369 815 3435 7,
839 3369 872 3419 17
902 3357 933 3434 ἦν
962 3368 990 3417 et
1013 3366 1115 3426 ιοιόςδι
1144 3367 1158 3419 ὁ
1183 3367 1274 3430 νόμος·
1303 3369 1442 3440 δημάρχου
1456 3364 1572 3434 ’γνώμην
1601 3365 1778 3438 ἀγορεύοντος
1803 3366 1829 3416 ἐν
1852 3366 1924 3433 δῆμον

533 3458 626 3524 μηδεὶς
645 3459 738 3518 λεγέτω
756 3458 838 3523 μηδὲν
857 3455 986 3519 ἐναντίον,
1005 3458 1071 3523 μηδὲ
1085 3457 1264 3522 μεσολαβείτω
1278 3457 1429 3520 τὸνλόγον·
1450 3456 1497 3507 ἐὰν
1511 3458 1539 3506 et
1553 3475 1593 3514 τις
1612 3455 1689 3525 παρὰ
1706 3459 1796 3505 ταῦτα
1815 3455 1923 3523 ποιήσῃ,

535 3547 629 3597 διδότω
652 3549 709 3604 τοῖς
732 3545 878 3615 δημάρχοις
902 3545 1030 3612 ἐγγυῃάς
1053 3545 1180 3612 αἰτηθεὶς
1204 3545 1241 3604 οἶς
1267 3548 1365 3596 ἔκτισιν
1384 3537 1414 3613 ᾗς
1433 3543 1467 3596 ἂν
1490 3545 1622 3596 ἐπιθῶσιν
1641 3540 1714 3608 αὐτῷ
1730 3541 1837 3608 ζημίας·
1862 3541 1876 3593 ὃ
1896 3545 1924 3593 <li

533 3635 570 3700 μὴ
593 3633 684 3692 διδοὺς
708 3633 837 3700 ἐγγυητὴν
862 3633 974 3699 θανάτῳ
999 3633 1154 3700 ζημιούσθω
1179 3635 1224 3684 καὶ
1247 3634 1282 3684 τὰ
1299 3633 1425 3704 χρήματα
1450 3632 1537 3685 αὐτοῦ
1556 3631 1616 3704 ἱεροὶ
1635 3633 1707 3681 ἔστω.
1744 3631 1843 3684 Differt
1862 3632 1923 3699 qui-

534 3725 595 3778 dem
618 3725 670 3777 hoc
696 3723 869 3791 plebiscitum
894 3739 909 3776 a
932 3723 1122 3777 consularibus
1146 3722 1252 3790 legibus
1275 3723 1327 3776 hec
1350 3739 1391 3789 re,
1422 3723 1493 3790 quod
1518 3723 1615 3789 cepitis
1639 3719 1806 3774 consecratio
1831 3719 1922 3788 (quam

533 3813 613 3866 etism
642 3813 695 3866 hoc
722 3811 781 3865 loco
800 3811 912 3879 Dionys.
942 3827 1003 3864 cum
1032 3827 1118 3879 poena
1142 3811 1252 3878 capitali
1276 3811 1408 3876 confudit)
1432 3813 1491 3863 tum
1515 3811 1625 3863 demum
1648 3825 1682 3861 ex
1706 3809 1758 3861 hoc
1781 3807 1922 3876 plebiscito

534 3900 659 3955 violatori
682 3900 742 3953 eius
765 3899 902 3963 imminet,
927 3899 951 3952 ei
974 3898 1091 3952 violator
1115 3898 1251 3967 plebisciti
1276 3899 1308 3951 de
1331 3899 1418 3952 multe
1441 3915 1457 3952 ο
1479 3898 1597 3951 tribunis
1621 3897 1695 3950 dictu
1718 3912 1782 3950 cum
1806 3896 1923 3950 tribunis

534 3993 636 4044 certare
665 3989 779 4056 eiusque
806 3989 845 4041 rei
876 4003 958 4040 causo
989 3988 1101 4055 praedes
1135 3989 1231 4041 sistere
1264 3987 1388 4041 uoluerat
1424 3987 1511 4055 (Rern.
1539 3985 1593 4039 stt
1617 3985 1651 4052 1⁸,
1676 4001 1701 4052 p.
1730 3985 1783 4039 602
1807 4000 1846 4054 sq.
1874 3983 1922 4052 11³,

532 4063 557 4147 p.
582 4079 633 4131 567
654 4079 714 4146 sq.).
752 4076 803 4130 Sed
827 4076 1008 4129 nihilominus
1031 4076 1137 4145 legibus
1165 4077 1278 4130 sacratis
1307 4076 1350 4144 (ci.
1376 4075 1430 4129 Cio.
1455 4075 1523 4129 Sest.
1549 4075 1591 4142 37,
1616 4073 1649 4127 79
1674 4077 1701 4126 et
1724 4073 1802 4127 Dion.
1828 4073 1852 4138 7,
1876 4073 1921 4142 50)

534 4165 766 4221 adnumerandum
790 4167 832 4218 est
855 4167 963 4232 propter
981 4165 1069 4232 ipsam
1088 4165 1194 4233 cepitis·
1209 4164 1447 4231 consecrationem,
1472 4178 1553 4232 quam
1581 4161 1723 4216 confirmet
1745 4162 1808 4215 Zon.
1834 4162 1863 4229 7,
1889 4163 1921 4214 15

534 4256 578 4305 καὶ
594 4255 691 4315 νόμους
706 4252 852 4320 οἰςὴγαμον,
872 4249 909 4302 ‘ir’
923 4249 996 4310 ὅστις
1010 4250 1104 4311 αὐτοῖς
1119 4255 1182 4323 ἔργῳ
1198 4250 1214 4320 ἢ
1228 4253 1307 4318 λόγῳ
1327 4251 1493 4322 apaturion
1514 4249 1563 4301 κᾶν
1578 4250 1684 4318 ἰδιώτης
1700 4251 1740 4317 οἵη
1760 4247 1809 4300 κᾶν
1826 4249 1921 4320 ἅρχων,

534 4343 602 4414 ἱερός
625 4362 654 4394 τε
677 4333 693 4411 ᾗ
717 4344 762 4392 και
785 4345 821 4406 τῷ
846 4340 906 4404 ἄγοι
925 4341 1060 4408 trimme·
1084 4342 1116 4394 τὸ
1135 4343 1162 4392 δὲ
1187 4340 1259 4412 ἱερὸν
1283 4331 1353 4391 εἶναι
1377 4339 1544 4392 ἀπολωλέναι
1568 4330 1608 4406 ἦν.
1650 4339 1725 4392 Idem
1748 4340 1922 4408 plebiscitum

533 4435 576 4486 eet
603 4437 684 4500 atque
711 4431 756 4485 lex
785 4431 932 4484 tribunicia
959 4431 1058 4499 primo,
1088 4447 1169 4500 quoru
1198 4430 1269 4486 Fest.
1294 4448 1319 4499 p.
1343 4429 1395 4484 318
1424 4446 1445 4484 s.
1470 4445 1496 4483 v.
1521 4427 1602 4483 Sacer
1624 4444 1703 4482 mous
1731 4428 1922 4482 commemoret

533 4520 624 4574 vorbis
643 4520 701 4573 his:
725 4524 756 4572 at
778 4519 857 4571 boare
880 4533 959 4571 sacer
981 4525 1034 4585 est,
1058 4535 1137 4587 quera
1154 4520 1280 4587 populus
1302 4518 1438 4572 tutaavtt
1460 4517 1492 4570 ob
1511 4516 1689 4584 maleficium,
1712 4515 1865 4584 aequetur
1883 4519 1923 4567 est

532 4623 593 4662 eum
621 4607 772 4673 immolari,
800 4607 848 4660 sed
875 4609 924 4674 qut
950 4607 1063 4674 oceidit,
1086 4609 1228 4675 perctarit
1255 4623 1313 4660 nou
1341 4606 1508 4671 damnatur,
1536 4623 1602 4658 aaut
1631 4606 1701 4674 tepe
1730 4604 1921 4659 tribunicia

528 4697 642 4764 primu
666 4702 779 4750 cavetur
802 4698 846 4762 „si
868 4697 932 4764 qais
949 4713 1010 4749 eum
1029 4697 1079 4762 qai
1096 4712 1126 4750 eo
1145 4696 1287 4762 plebiscito
1306 4711 1385 4749 sacer
1402 4696 1453 4761 sit,
1476 4694 1620 4760 occiderit,
1642 4693 1787 4760 parricida
1805 4709 1841 4746 ue
1858 4692 1921 4745 sit.“

532 4787 679 4840 Auctorem
699 4785 771 4838 enim
790 4786 886 4839 horum
907 4785 1051 4839 verborum
1070 4785 1153 4853 tepeat
1171 4785 1351 4838 tribuniciam
1368 4785 1486 4851 primam
1501 4783 1683 4850 celseberto,
1702 4782 1774 4850 quoe
1794 4782 1921 4848 deinceps

533 4877 770 4942 commemoratur,
794 4875 967 4940 distinxisse,
990 4873 1080 4928 elucet
1097 4891 1131 4927 ex
1150 4874 1307 4942 pronomine
1326 4889 1370 4940 eo,
1392 4889 1440 4941 pro
1460 4889 1514 4941 quo
1532 4872 1583 4924 boc
1601 4871 1746 4924 dicendum
1765 4869 1825 4936 tuit,
1845 4869 1869 4923 si
1889 4869 1921 4922 de
