4674 6112
1014 821 1172 828 .ffl-..
1229 785 1278 856 24
1335 819 1493 825 .-—

1205 865 1228 896 Ι

559 999 749 1079 ἱεροφαντῶν
764 1019 793 1056 τε
814 995 975 1076 παρόντων
993 995 1048 1056 καὶ
1067 993 1285 1056 οἰωνοσκόπων
1302 993 1357 1054 καὶ
1376 995 1537 1072 ἱεροποιῶν
1555 991 1637 1052 δυεῖν
1654 990 1710 1051 καιΙ
1729 994 1949 1071 ποιησαμένων

560 1120 625 1190 τὰς
648 1123 833 1202 νομίμους
856 1119 967 1198 εὐχάς
990 1142 1024 1180 τε
1048 1118 1111 1179 καὶ
1135 1117 1230 1198 ἀρὰς
1253 1124 1286 1177 ἐν
1304 1119 1341 1202 τῇ
1359 1116 1486 1196 λοχίτιόι
1504 1117 1651 1190 ἐκκλησίᾳ
1671 1118 1866 1200 συναχθείσῃ
1888 1115 1948 1175 ὑπὸ

560 1249 620 1306 τῶν
649 1244 775 1305 ὑπάτων
798 1244 814 1304 ὁ
844 1242 938 1323 νόμος
965 1240 1125 1323 ἐκυρώθη,
1158 1240 1190 1308 ὅς
1218 1247 1300 1301 ἐστιν
1328 1247 1361 1302 ἐν
1388 1239 1484 1326 στήλη
1513 1243 1620 1326 χαλκῇ
1652 1242 1876 1320 γεγραμμένος,
1909 1239 1949 1313 ἣν

561 1370 719 1429 ἀνέθεσαν
743 1374 775 1428 ἐν
797 1369 838 1442 τῷ
857 1365 1018 1441 Αὐεντίνῳ
1040 1367 1225 1445 νομίσαντες
1247 1371 1289 1430 εἰς
1312 1362 1347 1424 τὸ
1363 1362 1537 1444 >tetraidos
1559 1362 1647 1443 ἱερόν.

651 1490 744 1566 Quod
769 1493 953 1575 exemplum
978 1510 1051 1553 curn
1076 1495 1199 1552 certum
1223 1507 1292 1552 esse
1317 1488 1394 1570 dixi,
1416 1489 1477 1551 hoc
1500 1507 1565 1550 non
1587 1489 1631 1551 ita
1648 1488 1845 1551 intellectum
1865 1487 1948 1568 volo,

564 1618 656 1700 quasi
680 1615 883 1699 plebiscitum
906 1615 1032 1678 Icilium
1056 1613 1095 1676 de
1117 1613 1279 1676 Aventino
1302 1611 1494 1696 publicando
1517 1611 1587 1694 lege
1610 1612 1771 1675 consulari
1794 1613 1828 1674 in
1852 1611 1948 1674 comi-

565 1742 617 1804 tiis
641 1741 827 1803 centuriatis
854 1739 917 1802 lata
946 1757 1016 1802 esse
1045 1735 1268 1800 confirmatum
1296 1735 1437 1817 credam,
1470 1755 1552 1818 quae
1575 1733 1758 1818 Herzogii
1792 1737 1949 1798 sententia

561 1868 619 1944 est,
643 1863 700 1945 qui
723 1862 797 1925 inde
819 1864 1045 1945 gravissimum
1072 1863 1247 1924 sententiae
1276 1879 1354 1923 suae
1383 1859 1586 1923 stabiliendae
1617 1864 1842 1942 argumentum
1870 1860 1949 1941 peti-

562 1988 610 2050 vit
631 1986 662 2066 (l.
687 2005 712 2048 c.
736 2007 765 2069 p.
792 1986 925 2066 14016).
972 1984 1101 2049 Certum
1125 1985 1186 2047 hoo
1208 1983 1312 2047 solum
1337 1989 1386 2047 est
1408 1984 1527 2046 vidisse
1551 1989 1607 2047 aut
1623 1980 1817 2063 Dionysium
1842 1984 1948 2065 ipsum

564 2115 620 2174 aut
643 2115 821 2189 auctorem,
853 2127 951 2192 quem
984 2127 1021 2170 eo
1054 2109 1122 2171 loco
1146 2109 1308 2191 sequitur,
1339 2109 1374 2170 in
1397 2107 1515 2190 templo
1538 2105 1675 2188 Dianae,
1707 2106 1793 2190 quod
1822 2112 1888 2170 erat
1915 2108 1950 2169 in

562 2239 669 2296 monte
693 2234 869 2313 Arentin0,
897 2233 1079 2295 columnam
1103 2233 1273 2312 aheneum,
1299 2233 1334 2294 in
1358 2251 1423 2314 qua
1450 2251 1469 2293 a
1492 2231 1678 2295 oonsulibus
1702 2229 1743 2294 M.
1767 2230 1895 2294 Valerio
1918 2233 1950 2294 et

561 2357 613 2440 Sp.
636 2356 770 2420 Veturio
798 2357 852 2419 lex
881 2355 920 2418 da
942 2357 1105 2419 Aventino
1133 2357 1286 2439 inscripta
1318 2365 1392 2418 erat.
1439 2353 1477 2418 In
1511 2355 1570 2418 lrac
1602 2361 1709 2419 autem
1742 2357 1950 2440 inscriptione

563 2481 735 2543 consulum
754 2480 884 2542 nomina
902 2479 1073 2562 praescribi
1096 2486 1250 2562 poterant,
1274 2480 1393 2561 quippe
1418 2480 1474 2561 qui
1497 2497 1539 2542 ex
1562 2477 1727 2561 plebiscito
1745 2480 1836 2543 Icilio
1860 2500 1950 2544 meas

565 2604 731 2667 domorum
751 2601 883 2686 plebeiis
901 2603 934 2663 in
954 2601 1082 2685 publico
1105 2605 1224 2666 montis
1244 2603 1397 2665 Aventini
1421 2620 1496 2684 egro
1525 2603 1783 2684 assignavissent,
1806 2605 1864 2666 etsi
1888 2605 1950 2686 ipsi

563 2728 668 2809 legem
692 2746 757 2789 non
780 2726 927 2790 tulerant.
975 2725 1057 2790 Nam
1082 2747 1101 2789 a
1123 2726 1311 2790 consulibus
1334 2728 1369 2788 in
1393 2726 1531 2790 comitiis
1555 2727 1740 2790 centuriatis
1764 2727 1860 2790 latam
1879 2747 1950 2792 esse

564 2852 666 2933 legem
690 2850 786 2913 finxit
818 2852 887 2913 sine
916 2849 1013 2913 dubio
1036 2849 1276 2932 Dionysius⁶l);
1304 2851 1356 2913 lex
1390 2851 1474 2913 enim
1506 2851 1544 2913 dc
1567 2849 1729 2913 Aventino
1757 2850 1950 2933 publicando

565 2973 770 3058 plebiscitum
794 2980 873 3054 erat,
900 2979 938 3036 ut
960 2993 1079 3037 nomen
1103 2975 1182 3058 legis
1205 2973 1316 3038 Ioiltac
1339 2976 1373 3037 in
1401 2976 1446 3037 eis
1476 2973 1734 3057 condicionibus,
1763 2975 1802 3039 de
1830 2975 1950 3058 quibus

564 3100 648 3162 inter
662 3104 766 3182 patres
782 3103 814 3161 et
827 3097 951 3180 plebem
966 3103 1169 3177 convenerat,
1182 3105 1354 3182 antequam
1370 3101 1407 3163 de
1423 3099 1611 3163 decemviris
1625 3098 1750 3183 legibus
1770 3098 1952 3164 scribundis

565 3243 607 3286 ex
632 3223 708 3286 solis
731 3223 871 3306 patriciis
895 3221 1038 3305 legendis
1061 3221 1152 3305 plebs
1176 3223 1376 3303 concederet,
1404 3230 1596 3307 usurpatum
1621 3223 1759 3286 ostendit
1767 3224 1821 3304 68),
1849 3242 1951 3307 eaque

562 3346 616 3410 lex
633 3351 753 3410 saerata
772 3347 892 3429 optimo
911 3347 980 3409 iure
999 3347 1159 3409 nominari
1177 3349 1357 3428 poterat⁶⁹),
1371 3349 1399 3410 si
1418 3347 1568 3411 consules
1585 3337 1621 3409 in
1640 3348 1784 3410 comitiis
1795 3349 1952 3410 centruia·

653 3522 698 3591 66)
717 3522 750 3576 ln
765 3521 899 3576 sententia
917 3537 967 3574 sua
982 3525 1136 3590 perseverat
1150 3521 1177 3574 H
1183 3521 1340 3590 erzogius
1359 3521 1388 3574 in
1404 3522 1637 3588 commentatione,
1658 3537 1727 3590 quae
1746 3520 1879 3588 inscripta
1896 3523 1951 3574 est:

564 3610 655 3664 Ueber
674 3611 717 3664 die
737 3610 987 3678 Glaubwtirdiglreit
1005 3611 1052 3663 der
1070 3625 1120 3663 aus
1140 3609 1187 3662 dar
1205 3609 1359 3663 romischen
1379 3608 1513 3678 Republik
1536 3609 1579 3663 bis
1602 3625 1666 3662 zum
1689 3609 1772 3662 Jahre
1796 3607 1847 3662 387
1867 3609 1892 3663 d.
1912 3609 1951 3662 St.

564 3698 756 3753 iiberlieierten
776 3700 896 3766 Gesetzc,
915 3697 1054 3765 tubingen
1074 3697 1151 3751 1881.
1171 3714 1196 3766 p.
1217 3697 1258 3751 18.

652 3789 695 3854 67)
714 3787 809 3856 Itaque
833 3803 866 3840 ex
890 3785 938 3839 illa
960 3785 1173 3849 necessitudine,
1198 3801 1267 3854 quae
1291 3786 1361 3837 inter
1385 3784 1556 3852 plebiscitum
1580 3787 1608 3838 et
1633 3784 1902 3840 senatusconsultum
1925 3789 1952 3838 et

563 3876 651 3944 legem
667 3876 836 3931 consularem
852 3875 1018 3928 intercedere
1035 3891 1068 3927 ex
1087 3874 1214 3941 Dionysii
1233 3858 1385 3927 narratione
1404 3874 1457 3940 (10,
1476 3873 1518 3927 31.
1539 3875 1584 3942 32)
1602 3874 1669 3928 falso
1684 3877 1808 3943 putatur,
1827 3875 1953 3944 colligere

565 3983 618 4019 non
642 3965 736 4018 debuit
759 3963 947 4030 Herzogius
971 3961 998 4029 (1.
1022 3978 1044 4015 c.
1069 3980 1095 4030 p.
1120 3963 1183 4029 150)
1215 3963 1277 4015 ante
1300 3961 1387 4028 legem
1412 3961 1549 4014 Valeriam
1572 3961 1712 4017 Horatiam
1742 3963 1774 4016 de
1802 3963 1953 4031 plebiscitis

563 4069 634 4108 anno
658 4053 710 4107 305
733 4055 807 4105 u.'o.
840 4049 922 4104 latam
955 4067 1061 4118 semper
1084 4049 1226 4118 plebiscita
1248 4052 1296 4102 aut
1320 4049 1563 4104 senatusconsultis
1586 4053 1634 4105 aut
1658 4051 1901 4106 senatusconsultis
1926 4056 1954 4106 et

567 4139 672 4208 legibus
692 4138 880 4193 consularibus
899 4138 1082 4191 confirmanda
1099 4138 1191 4191 luisse.

654 4227 699 4296 68)
718 4226 777 4279 Liv.
797 4227 822 4294 3,
841 4228 892 4295 32,
909 4229 925 4281 6
945 4227 1038 4293 placet
1061 4227 1152 4280 meari
1175 4226 1337 4280 decantares
1360 4228 1420 4280 οἱον
1435 4228 1631 4295 provocatione
1649 4234 1675 4282 et
1692 4245 1727 4282 οε
1746 4229 1808 4296 quis
1827 4246 1857 4283 co
1876 4245 1953 4283 anno

484 4341 489 4348 ·
564 4316 639 4368 aliua
680 4315 860 4384 mantenano
900 4322 975 4369 esset.
1013 4315 1268 4368 admiscerenturne
1305 4316 1405 4382 plebeii
1436 4317 1623 4370 controversia
1666 4317 1841 4384 aiiqrccmdiu
1882 4319 1954 4386 [σία

559 4409 698 4472 postremo
710 4419 869 4456 concessum
881 4404 1022 4472 patribus,
1036 4405 1116 4457 οιοᾱο
1130 4420 1164 4457 ae
1183 4404 1236 4457 lex
1254 4404 1362 4458 Icilia
1381 4404 1418 4458 dc
1433 4405 1603 4458 Aventino
1623 4405 1781 4473 aliaeque
1794 4412 1955 4460 sacratae

566 4491 655 4560 lepos
678 4492 890 4560 coronarentur.
929 4495 1017 4546 Antea
1039 4492 1065 4560 3,
1085 4493 1128 4561 31,
1148 4493 1164 4546 2
1188 4509 1285 4547 nomen
1309 4493 1377 4562 legis
1401 4510 1455 4547 non
1478 4494 1569 4563 affert,
1595 4495 1641 4548 sed
1660 4495 1730 4548 nihil
1749 4495 1818 4548 dicit
1836 4495 1901 4548 nisi:
1921 4493 1954 4549 dc

564 4579 704 4632 Aventino
719 4581 891 4648 publicando
910 4581 969 4635 lato
988 4583 1031 4635 lex
1051 4587 1097 4635 est.
1134 4581 1240 4635 Nomen
1258 4582 1363 4636 tribuni
1381 4583 1452 4650 apud
1471 4582 1550 4637 Dion.
1571 4583 1613 4648 10,
1633 4583 1666 4637 31
1686 4587 1730 4639 est
1746 4581 1872 4641 Ἰκίλλιος.
1920 4589 1921 4592 ’

654 4668 699 4736 69)
718 4669 777 4722 Hoc
801 4670 908 4724 incaute
932 4687 974 4724 me
997 4687 1111 4737 negasse
1129 4669 1206 4724 Rem.
1227 4670 1280 4723 Alt.
1296 4670 1330 4738 1³,
1354 4688 1379 4740 p.
1399 4671 1459 4726 603.
1479 4671 1532 4726 620
1550 4689 1622 4726 nunc
1642 4672 1732 4741 doleo;
1752 4689 1840 4742 neque
1858 4688 1954 4726 vorum

563 4760 614 4823 est,
640 4757 711 4825 qnod
730 4757 833 4811 conieci
856 4757 891 4824 1⁸,
909 4775 935 4826 p.
955 4759 1015 4827 562,
1035 4759 1212 4814 oecumenius
1232 4759 1404 4814 comitiorum
1424 4761 1650 4829 centuriatorum,
1670 4779 1739 4830 quae
1757 4763 1837 4816 Dion.
1858 4759 1899 4828 10,
1919 4761 1955 4814 32

566 4845 696 4898 describit
711 4848 739 4898 et
750 4845 791 4912 10,
802 4847 835 4898 57
851 4846 918 4901 falso
932 4847 1014 4901 etiam
1029 4847 1059 4901 in
1073 4849 1113 4902 eis
1123 4849 1242 4902 comitiis
1257 4849 1424 4916 centuriatis,
1435 4865 1504 4917 quae
1518 4849 1664 4903 decemviri
1679 4849 1847 4918 habuissent,
1862 4850 1954 4903 obsor-

564 4935 643 4988 vatas
657 4950 717 4987 esse
732 4935 874 5002 significat,
889 4935 929 4989 eis
945 4937 1111 5004 temporibus
1126 4938 1154 4990 in
1169 4937 1295 4992 omnibus
1310 4938 1428 4991 comitiis
1442 4937 1601 4992 centuriatis
1620 4938 1758 4992 observari
1777 4955 1837 4992 esse
1852 4938 1954 4992 solitas.
